3404 5050
802 346 1024 410 „22-

414 545 505 609 Haec
534 544 683 624 exempla
712 541 890 623 separatim
919 541 1025 623 attuli,
1058 541 1174 621 quibus
1203 541 1302 605 etiam
1330 539 1505 607 Vossianus

325 671 366 716 cx
390 650 561 732 archetypi
584 641 771 732 apographo
790 651 929 730 quodam
949 648 995 732 (y)
1015 648 1180 715 derivatos
1200 667 1269 713 esse
1288 650 1504 726 ostenderem

324 777 410 822 nunc
433 757 572 838 reliquos
590 758 675 822 locos
695 755 837 838 afferam,
861 755 977 836 quibus
992 756 1024 820 H
1048 774 1161 822 veram
1185 757 1285 820 habet
1308 755 1505 836 scripturam

325 868 438 929 contra
462 863 635 929 Vossianos
672 881 870 943 quorumque
903 863 1079 943 permultos
1111 861 1176 927 iam
1208 861 1243 926 in
1276 863 1505 955 archetypo}

324 971 425 1038 fuisse
448 970 607 1036 arbitror:

413 1098 442 1159 p.
459 1079 511 1161 4,6
548 1078 610 1141 deii
637 1098 670 1140 se
697 1076 738 1159 H,
777 1076 914 1143 deiimsc
953 1074 999 1158 (se
1033 1075 1127 1160 corr.)
1160 1076 1228 1140 AB.
1290 1073 1503 1140 Schwenkius

324 1187 461 1251 adnotat
483 1184 527 1248 Β1
555 1184 671 1248 dolicae
697 1183 858 1266 habuisse,
887 1202 970 1262 quac
998 1183 1094 1247 lectio
1124 1182 1222 1247 etiam
1249 1183 1284 1246 in
1312 1182 1343 1246 A
1371 1180 1504 1248 videtur

323 1291 431 1358 fuisse.
475 1291 525 1373 5,3
543 1295 709 1371 antequam
728 1290 769 1372 H,
798 1291 960 1370 antiquam
976 1291 1043 1353 AB.
1086 1290 1137 1371 5,8
1154 1290 1274 1354 arianis
1297 1289 1338 1371 H,
1367 1289 1451 1354 aiais
1463 1287 1503 1370 A,

324 1404 357 1464 ai
375 1399 426 1462 ais
449 1399 487 1462 B.
529 1397 716 1462 Verisimile
740 1401 789 1462 θεῖ
807 1397 841 1460 in
865 1417 886 1460 x
909 1394 1009 1486 iuisse
1027 1397 1198 1460 lectionem
1218 1393 1334 1461 codicis
1354 1396 1395 1478 H,
1409 1413 1504 1474 ¹(puae

323 1505 358 1570 in
380 1525 403 1587 y
425 1504 461 1569 in
480 1505 564 1569 amis
584 1503 675 1586 abiit,
699 1523 755 1568 an
776 1503 816 1588 (z
834 1486 888 1587 Η)
901 1508 1010 1567 autern
1029 1508 1118 1567 recte
1138 1507 1271 1568 servata
1291 1507 1348 1567 θεῖ,
1382 1503 1432 1583 6,2
1452 1523 1504 1579 m,

323 1613 352 1678 h.
377 1617 412 1677 e.
427 1616 537 1677 noster
560 1611 601 1693 H,
629 1632 691 1675 noa
714 1611 753 1694 A,
785 1615 820 1674 ni
843 1611 879 1674 B.
931 1611 1005 1692 6,10
1033 1611 1136 1690 qaiaie
1159 1611 1199 1692 H,
1229 1611 1283 1690 qai
1311 1611 1372 1673 iaie
1395 1607 1502 1692 AB.*)

325 1719 375 1802 7,4
399 1719 455 1783 dia
478 1721 528 1784 aei
552 1719 592 1801 H,
620 1719 676 1782 dia
699 1723 727 1780 el
750 1717 827 1808 Aa
866 1717 918 1799 7,8
941 1717 995 1797 qai
1019 1718 1128 1782 litteris
1153 1716 1192 1808 H,
1216 1717 1305 1796 paeri
1328 1717 1439 1780 litteris
1462 1718 1502 1799 A,

323 1826 442 1908 qaiimis
467 1825 576 1888 litteris
600 1831 627 1901 (l
650 1829 728 1888 ante
750 1846 772 1886 a
796 1842 876 1888 corr.
896 1843 935 1887 m.
956 1823 990 1907 2)
1015 1824 1051 1887 Β.
1090 1823 1208 1887 Mirum
1228 1827 1278 1886 est
1300 1825 1503 1906 Muellerum,

323 1933 443 2014 quippe
466 1931 521 2011 qui
540 1930 712 1994 Heinsiani
736 1930 966 1994 auctoritatem
990 1931 1076 1994 tanti
1101 1930 1259 2011 aestimet,
1283 1931 1367 1994 hanc
1390 1930 1502 1994 lectio·

323 2059 397 2104 nem
424 2038 458 2102 in
485 2041 612 2102 textum
640 2056 703 2101 non
731 2037 900 2117 recepisse.
946 2039 1029 2100 Nam
1056 2037 1090 2100 in
1119 2041 1232 2117 aperto
1257 2042 1307 2100 est
1329 2036 1503 2101 Heinsiani

322 2144 494 2210 lectionem
517 2163 630 2211 reram
658 2163 736 2226 esse,
766 2163 837 2208 cum
865 2148 1069 2224 opponantur
1096 2163 1159 2207 non
1183 2144 1345 2208 Ciceronis
1368 2144 1502 2208 litterae

324 2257 358 2318 et
376 2251 494 2333 patria.
533 2252 684 2316 Ceterum
709 2251 808 2315 etlam
823 2252 907 2315 hanc
927 2250 1097 2315 Heinsiani
1117 2251 1311 2331 scripturam
1329 2251 1364 2314 in
1388 2252 1500 2316 arche-

322 2363 401 2441 typo
424 2359 524 2424 fuisse
548 2358 693 2424 arbitror
716 2363 750 2422 θῖ
772 2358 807 2422 in
825 2379 848 2439 y
866 2375 925 2439 per
944 2358 1199 2440 dittographiam
1219 2358 1337 2422 abiisse
1356 2357 1390 2422 in
1409 2359 1503 2439 amai

323 2466 442 2530 littorio.
502 2466 553 2548 ab
584 2466 663 2528 exile
692 2466 732 2547 H,
770 2465 860 2530 emilie
893 2464 1018 2548 (emillae
1046 2464 1088 2548 B)
1121 2466 1188 2528 AB.
1251 2466 1321 2547 11,1
1351 2467 1386 2528 ia
1412 2466 1502 2531 iiiam

322 2572 548 2637 auctorabilem
576 2593 694 2635 ammam
721 2569 763 2652 H,
795 2571 830 2634 ia
857 2571 947 2636 iiiam
974 2582 1004 2638 ei
1029 2573 1258 2636 memorabilem
1286 2593 1405 2636 ammam
1433 2573 1501 2655 AB,

322 2678 467 2743 millam
490 2677 632 2742 divinam
654 2682 683 2740 ei
704 2678 933 2742 memorabilem
955 2699 1074 2742 arraam
1093 2679 1268 2742 Vahlenus
1313 2679 1501 2744 Lectionem

322 2782 494 2850 Heinsiani
517 2788 595 2866 puto
619 2783 749 2849 defendi
768 2802 861 2865 posse
880 2783 965 2848 etin
984 2805 1006 2866 y
1025 2790 1053 2848 cl
1069 2788 1174 2848 ortum
1194 2803 1263 2848 esse
1283 2783 1436 2870 (fortasse
1460 2805 1501 2850 ex

322 2890 531 2972 praecedenti
554 2890 670 2976 eiiam).
710 2891 870 2972 Exempla
890 2895 1007 2972 autern,
1032 2889 1148 2970 quibus
1168 2891 1386 2956 coniecturam
1409 2911 1502 2958 suam

322 2998 488 3064 Vahlenus
503 2997 538 3062 in
555 2996 766 3064 adnotatione
785 2999 994 3078 comprobare
1014 2999 1131 3080 studet,
1156 2997 1236 3062 nihil
1255 3000 1404 3082 probant,
1429 3019 1501 3064 curn

321 3103 392 3186 loci,
411 3122 489 3183 quos
508 3104 617 3186 affert,
641 3106 823 3185 praebeant
842 3105 1052 3168 memorabilis
1072 3125 1109 3168 ac
1126 3106 1234 3169 divina
1253 3108 1305 3173 vel
1326 3127 1502 3170 commemo-

321 3210 429 3274 raada
452 3229 489 3274 ac
511 3211 628 3288 diuina,
653 3229 717 3276 non
740 3211 866 3274 divinas
890 3233 925 3274 ae
947 3211 1161 3276 memorabilis.
1205 3214 1297 3296 11,11
1324 3233 1501 3278 concessam

321 3317 363 3400 H,
387 3335 553 3380 coricensis
576 3316 645 3382 AB.
689 3318 759 3400 13,1
785 3318 905 3381 relaxes
928 3318 969 3400 H,
992 3319 1111 3383 reiaris
1135 3320 1203 3384 AB.
1245 3320 1340 3403 13,1()
1362 3321 1502 3384 miamere

321 3423 413 3489 aelim
429 3422 461 3486 H
485 3421 526 3507 (=
541 3422 586 3508 x),
609 3424 744 3488 mimaeri
767 3427 813 3490 cei
823 3425 865 3488 im
880 3425 940 3490 AB
957 3424 998 3510 (=
1012 3426 1057 3510 y).
1098 3427 1192 3510 13,18
1213 3434 1260 3490 ais
1275 3427 1316 3509 H,
1340 3427 1413 3491 aliis
1430 3427 1499 3492 AB.

410 3601 438 3669 *l
457 3600 533 3666 Quod
552 3601 654 3655 attinet
672 3601 706 3654 ad
725 3600 824 3654 formas
848 3602 920 3655 vocis
940 3603 1057 3672 Quintae
1076 3602 1208 3656 traditum
1232 3608 1284 3656 est:
1316 3604 1427 3674 Qaiaie:
1446 3605 1500 3674 3,8,

321 3688 391 3757 4,15,
405 3689 475 3758 633,
489 3691 576 3757 77,13‚
590 3691 660 3760 83,6‚
675 3691 761 3757 174,3,
782 3690 886 3757 178,15,
908 3692 994 3757 184,o,
1015 3692 1101 3759 187,9‚
1123 3692 1209 3759 1943,
1232 3691 1307 3757 laad
1326 3691 1440 3760 (animle
1457 3693 1499 3755 Β),

322 3777 437 3846 Qaiaio:
458 3778 526 3847 10‚9‚
547 3779 633 3846 189,3.
654 3779 761 3849 Quinti:
774 3781 845 3847 21,6.
871 3779 1016 3833 Nonnullis
1033 3785 1125 3833 autem
1148 3779 1213 3832 locis
1235 3764 1289 3832 iam
1307 3780 1335 3833 in
1353 3782 1501 3850 archetypo

321 3865 474 3920 extiterunt
492 3865 602 3934 formae,
626 3873 659 3922 ut
682 3868 800 3937 (laicate,
828 3868 965 3938 Quinam,
994 3867 1028 3920 cf.
1071 3870 1132 3932 13‚9
1151 3869 1271 3937 aniame
1289 3870 1322 3940 A,
1342 3871 1449 3936 quincta
1467 3873 1500 3941 B,

321 3954 414 4024 quinte
436 3955 470 4010 Η.
510 3956 570 4024 14,6
589 3956 726 4024 quirinae
751 3961 782 4024 A,
812 3957 918 4026 amicius
947 3957 978 4023 B,
1012 3957 1123 4026 quintas
1148 3958 1181 4012 Η.
1222 3960 1281 4025 17,2
1301 3960 1440 4028 quianam
1465 3960 1498 4028 A,

321 4044 427 4114 amicius
445 4044 477 4114 B,
501 4044 612 4114 qaiaiuc
636 4045 672 4100 H.
710 4046 788 4114 18,ῑῖ
807 4046 926 4114 quiam
948 4047 980 4112 A,
1009 4047 1115 4114 qaiacle
1133 4047 1190 4100 ΒΗ.
1228 4047 1308 4116 63,ro
1327 4049 1446 4117 audaste
1465 4050 1499 4120 A,

321 4133 395 4202 p'aiie
414 4133 444 4200 B,
465 4132 558 4202 quinte
576 4133 609 4186 H.
648 4135 727 4200 79,12
747 4133 867 4202 quinem
885 4134 918 4203 A,
943 4135 1036 4203 quinte
1054 4135 1112 4189 BH.
1150 4138 1211 4203 91,2
1231 4137 1337 4206 quincta
1355 4137 1386 4205 Β,
1407 4139 1501 4207 quinte

321 4221 362 4289 (re
379 4221 409 4273 in
428 4236 523 4274 rasura
535 4221 647 4289 maiore)
664 4222 696 4288 A,
716 4219 763 4288 qui
780 4221 868 4290 igitur
886 4228 951 4277 ante
970 4240 1093 4277 rasuram
1112 4226 1223 4279 eandem
1242 4225 1339 4279 habuit
1355 4226 1499 4280 lectionem

321 4313 404 4375 atque
422 4309 454 4380 B,
474 4311 566 4380 amiate
578 4311 612 4363 H.
643 4311 722 4375 laon
742 4310 848 4379 quincta
866 4311 923 4379 BH,
943 4312 1061 4382 amiam
1079 4315 1111 4367 A.
1143 4315 1240 4381 Itaque
1258 4313 1288 4366 in
1300 4313 1327 4366 H
1345 4315 1389 4368 vel
1407 4315 1499 4383 potius

320 4395 350 4450 in
368 4414 383 4450 z
402 4397 497 4453 littera
515 4416 529 4453 c
546 4399 704 4468 plerumque
723 4405 765 4455 θεῖ
782 4398 898 4454 sublata.
