3404 5050
671 402 913 489 ξπ-

211 604 380 667 mutantur
403 599 456 684 (ci.
480 599 576 682 146,4
600 602 663 662 taen
687 598 754 678 AB,
783 596 849 660 iarn
871 596 927 681 H).
974 595 1066 679 Quod
1093 615 1171 662 vero
1200 595 1322 661 attinet
1346 599 1389 661 ad

210 727 346 789 sensum,
370 705 536 786 scriptura
560 703 677 769 codicis
695 703 728 767 H
747 702 916 783 aptissima
935 707 993 785 est,
1018 693 1089 768 cum
1112 703 1147 768 in
1166 703 1387 768 antecedenti-

181 857 184 865 ,
211 817 270 880 bus
283 813 416 880 vocibus
432 817 658 877 controversam
672 831 737 874 rein
752 814 780 872 et
788 813 918 889 plenam
930 810 1136 874 dissensionis
1151 810 1231 874 inter
1246 811 1389 876 doctissi-

210 943 277 986 mos
306 925 396 985 certe
425 917 549 997 aliquid
574 915 758 999 concessuri,
786 921 823 980 ut
852 917 953 982 verbo
981 920 1065 998 utar,
1093 915 1196 992 insit„
1227 916 1281 982 Sic
1304 917 1390 982 enim

210 1033 317 1092 totum
345 1025 549 1091 enuntiatum
572 1026 765 1091 vertendum
789 1027 853 1088 est:
877 1024 920 1087 M.
947 1023 1015 1104 „Zu
1038 1025 1110 1087 dem
1133 1024 1290 1088 hdchsten
1313 1025 1389 1109 Gut,

210 1134 340 1200 worauf
362 1133 430 1198 sich
447 1133 527 1196 alles
542 1130 679 1213 bezieht,
703 1132 777 1212 und,
802 1131 860 1194 das
883 1149 924 1193 nu
948 1130 1104 1211 erlangen
1119 1129 1181 1195 wir
1204 1131 1284 1195 alles
1308 1132 1390 1195 thun

213 1247 349 1324 miissen,
377 1240 526 1306 furwahr
554 1237 607 1302 ein
634 1236 861 1302 umstrittener
889 1236 1109 1320 Gegenstand,
1138 1237 1219 1301 iiber
1247 1239 1309 1302 den
1338 1238 1390 1303 die
1508 1322 1510 1327 Ι

213 1349 435 1430 gelehrtesten
446 1348 584 1410 Manner
602 1345 677 1408 sehr
695 1341 944 1410 verschiedener
959 1343 1115 1425 Meinung
1134 1343 1214 1426 sind,
1234 1346 1292 1408 der
1311 1346 1391 1410 aber

213 1457 374 1519 trotzdem
398 1453 516 1518 einmal
540 1471 598 1516 zur
616 1449 862 1531 Entscheidung
885 1469 926 1514 zu
951 1449 1091 1532 bringen
1113 1450 1186 1516 ist.“
1237 1452 1311 1535 60,9
1329 1453 1392 1534 fnit

213 1563 266 1626 iiic
290 1562 323 1626 H
346 1560 387 1644 (:
402 1560 447 1645 Χ),
469 1559 559 1642 fatiie
574 1559 632 1622 AB
657 1557 698 1642 (z
735 1556 757 1641 ).
805 1557 1004 1639 cerasiensi
1029 1556 1069 1642 (ε
1106 1557 1129 1643 ),
1152 1558 1182 1622 si
1206 1559 1265 1623 ΑΒ
1290 1558 1330 1643 (2
1345 1559 1390 1644 y).

215 1670 288 1751 70,1
313 1669 364 1732 sed
392 1668 440 1731 ois
468 1687 506 1730 ne
528 1666 561 1730 H
585 1665 625 1749 (z
640 1664 685 1749 Χ),
716 1664 769 1728 sed
797 1664 899 1728 tuisne
922 1664 981 1728 AB
1006 1663 1046 1748 (ε
1084 1664 1106 1750 ).
1153 1666 1227 1748 82,6
1251 1666 1391 1730 ncoeidas

213 1777 247 1840 H
271 1774 311 1859 (z
326 1774 368 1858 Χ),
397 1773 482 1838 inias
505 1773 564 1836 AB
590 1776 628 1854 (z
643 1772 687 1856 y).
736 1772 882 1837 Vahleno
911 1791 974 1836 non
1002 1771 1167 1837 adsentior
1190 1771 1391 1853 primitivam

212 1881 408 1962 scripturam
426 1880 510 1943 intas
529 1879 630 1944 fuisse
649 1877 836 1960 affirmanti,
856 1880 912 1942 sed
930 1879 1072 1943 inventas
1090 1879 1125 1943 in
1143 1900 1166 1943 Χ
1184 1879 1284 1944 inisse
1303 1879 1390 1945 arbi·

213 1993 291 2070 tror,
316 2005 399 2068 quae
422 1985 519 2050 lectio
542 1985 618 2066 iny
641 1985 675 2049 in
697 1986 781 2049 intas
805 1984 896 2050 abiit.
943 1985 1017 2068 83,5
1035 1987 1113 2050 insti
1136 1969 1249 2051 edocet
1273 1987 1391 2070 dependi

212 2096 254 2177 Η,
281 2094 358 2158 insti
381 2099 409 2156 et
434 2093 502 2156 cari
527 2093 610 2157 tendi
634 2093 701 2156 AB.
748 2091 861 2156 Etiam
884 2093 1035 2156 hocloco
1059 2094 1240 2158 Vahlenum
1265 2113 1391 2160 errasse

214 2201 357 2266 arbitror
379 2201 415 2265 in
438 2201 616 2281 archetypo
640 2200 707 2263 anri
731 2199 814 2265 loidi·
834 2198 982 2264 extitisse
999 2218 1133 2280 eamque
1148 2200 1265 2266 falsam
1280 2201 1391 2266 lectio-

215 2327 289 2372 nem
317 2327 337 2372 a
364 2307 471 2372 scriba
495 2305 666 2371 Heinsiani
695 2311 784 2370 recte
807 2310 968 2370 mutatam
992 2325 1061 2370 esse
1084 2311 1262 2388 putantem.
1309 2309 1392 2372 Nam

217 2413 373 2478 credibile
396 2432 460 2478 non
479 2420 528 2478 est
546 2413 770 2478 stultissimum
788 2412 879 2477 illum
897 2412 1068 2477 librarium
1087 2413 1304 2478 coniecturam
1323 2418 1392 2478 tam

216 2522 333 2585 bonam
360 2520 470 2585 iacere
497 2520 638 2602 potuisse
666 2539 770 2600 neque
799 2539 819 2584 a
842 2519 950 2585 scriba
974 2519 1091 2584 codicis
1112 2540 1140 2615 n
1156 2524 1279 2585 rectam
1302 2519 1392 2586 illam

214 2627 386 2692 lectionem
413 2626 593 2709 profectam
622 2645 691 2692 esse
720 2625 876 2692 existimo.
927 2628 1028 2692 Immo
1056 2629 1156 2692 multo
1185 2626 1392 2694 verisimilius

215 2739 265 2800 est
288 2753 401 2802 veram
417 2733 588 2798 Heinsiani
608 2733 804 2815 scripturam
819 2733 934 2798 iamin
950 2754 972 2798 Χ
986 2734 1096 2817 fuisse,
1120 2734 1260 2800 scribam
1284 2740 1393 2800 autem

216 2841 332 2906 codicis
350 2861 386 2934 p,
415 2841 470 2922 qui
497 2840 630 2924 linguae
657 2840 782 2905 latinae
805 2840 935 2905 minime
946 2821 1084 2922 peritus
1108 2845 1189 2923 erat,
1218 2842 1285 2904 cari
1310 2843 1393 2906 tendi

148 3024 152 3031 .
215 2947 298 3012 falso
326 2948 541 3029 descripsisse.
594 2948 668 3031 93,4
696 2953 788 3012 santo
817 2969 854 3012 ne
883 2947 1101 3030 ancniaannt
1128 2967 1183 3011 one
1211 2951 1324 3014 annia
1352 2949 1393 3031 Η,

218 3059 292 3118 sant
320 3057 445 3144 onecnia
468 3056 507 3138 Α,
537 3052 794 3143 εππ1Ιπππππ11π
817 3057 854 3120 Β.
900 3055 1003 3120 Vetus
1026 3054 1084 3118 illa
1107 3053 1279 3137 scriptura,
1310 3073 1393 3136 quae

218 3164 312 3226 extat
334 3161 367 3226 in
390 3164 430 3245 Η,
454 3161 640 3228 coniectura
663 3162 806 3229 inveniri
830 3166 918 3227 certe
941 3180 1005 3226 non
1028 3165 1167 3245 poterat,
1192 3164 1248 3226 sed
1270 3161 1336 3228 iam
1359 3161 1394 3226 in

217 3269 443 3362 archetypo}
472 3268 592 3352 extitit,
621 3288 641 3332 a
669 3269 778 3334 scriba
806 3274 915 3334 autem
945 3268 1062 3333 codicis
1090 3287 1112 3350 y
1139 3287 1203 3334 uon
1226 3273 1315 3333 recte
1339 3271 1402 3334 de:

215 3374 338 3456 scripta
362 3380 419 3440 est.
467 3376 518 3460 (In
541 3396 564 3457 y
586 3381 661 3440 sant
684 3377 834 3440 anacnla
857 3375 989 3443 videtur
1015 3361 1128 3456 fuiss—n
1157 3375 1264 3441 scriba
1292 3375 1395 3458 igitur

217 3482 438 3563 compendium
460 3468 626 3565 neglexit).
670 3483 765 3566 113‚3
783 3483 1226 3566 Melampodianceiainpodis
1245 3483 1277 3546 H
1297 3482 1335 3562 (:
1350 3482 1394 3565 Χ),

215 3589 409 3669 meianpodis
440 3589 533 3674 Α(--
552 3590 596 3676 y),
625 3590 728 3654 neclan
750 3590 846 3670 podis
869 3591 906 3654 B.
959 3590 1052 3673 139,1
1082 3587 1329 3670 AccinsJaccins
1353 3589 1394 3671 Η,

216 3695 318 3760 aciins
346 3697 414 3760 AB.
461 3696 576 3762 Scriba
608 3696 711 3779 igitur
739 3695 857 3761 codicis
884 3716 907 3778 y
940 3698 980 3760 de
1008 3696 1087 3760 actio
1115 3695 1197 3758 falso
1227 3694 1394 3778 cogitavit.

219 3802 313 3885 168,8
337 3808 479 3868 servando
499 3809 550 3868 ast
568 3804 692 3885 qnando
711 3804 752 3886 H,
776 3789 945 3868 senionia
968 3803 997 3868 si
1021 3801 1145 3883 qnando
1163 3803 1201 3884 B,
1225 3809 1395 3874 seinanton

216 3913 246 3972 ei
263 3910 387 3989 qnando
405 3910 436 3973 A
456 3913 484 3992 (o
504 3915 619 3992 etqua
638 3929 656 3974 e
675 3929 755 3975 corr.
773 3911 802 3993 2,
825 3914 853 3972 et
871 3927 969 3972 manu
987 3907 1093 3989 prima
1112 3908 1291 3994 scriptum),
1311 3913 1395 3976 unde

217 4021 356 4096 apparet
378 4016 413 4081 in
429 4017 459 4081 A
484 4021 561 4082 ante
585 4035 733 4082 rasuram
752 4035 816 4081 non
835 4017 970 4080 eandem
989 4014 1089 4080 fuisse
1108 4015 1288 4098 lectionem,
1312 4035 1395 4096 quae

218 4126 268 4186 est
282 4121 317 4186 in
332 4123 373 4188 H.
411 4123 525 4189 Nonne
543 4124 603 4190 hoc
622 4143 746 4206 quoque
765 4125 833 4188 loco
852 4122 1060 4188 manifestum
1080 4126 1129 4187 est
1148 4121 1287 4203 priscam
1305 4121 1396 4186 illam

216 4228 413 4310 scripturam
437 4237 488 4295 ast
509 4231 575 4296 iam
597 4231 633 4295 in
651 4231 829 4312 archetypo
849 4229 1019 4295 extitisse?
1054 4231 1145 4314 Quae
1164 4231 1252 4293 certe
1272 4227 1395 4294 coniec-

217 4339 293 4400 tura
320 4335 462 4404 inveniri
486 4357 549 4402 non
571 4342 711 4420 poterat,
739 4337 933 4419 praesertim
962 4339 1033 4402 cum
1062 4336 1135 4402 aliis
1163 4334 1241 4400 locis
1269 4334 1397 4417 priscae

215 4441 341 4508 formae
364 4443 399 4508 in
422 4447 454 4510 H
478 4463 542 4510 non
565 4449 719 4511 servatae
743 4443 808 4508 sint
832 4444 884 4526 (ci.
906 4464 939 4525 p.
958 4443 1023 4528 17).
1097 4501 1107 4507 .s
