3404 5050
734 401 955 463 „11-

263 597 325 660 loeo
341 595 409 678 AB,
433 598 502 661 loeu
516 597 557 660 H.
599 595 670 678 253
694 615 760 659 oere
775 595 843 678 AB,
867 615 936 658 aere
951 595 991 660 H.
1030 595 1103 677 47‚8
1120 594 1346 659 conservandas
1361 593 1430 676 AB,

262 703 486 766 ommemancloe
509 703 549 767 H.
600 702 673 784 51,3
702 707 798 766 eertos
820 701 888 784 AB,
917 706 1015 766 eertas
1038 703 1079 766 H.
1130 701 1202 784 583
1231 701 1431 766 iudieamlam

261 809 330 892 AB,
352 809 554 874 iudicandum
572 810 613 874 H.
662 807 756 890 129‚9
779 809 954 875 exciderant
976 809 1044 892 AB,
1068 809 1245 873 eaoiilerunt
1266 809 1307 874 H.

350 915 489 995 Reliqua
512 914 606 980 huius
629 914 713 979 modi
736 920 872 996 peceato.
895 919 970 980 sunt
993 917 1085 980 haec:

350 1043 380 1103 p.
396 1021 447 1105 5‚6
458 1023 589 1102 proruto
605 1021 673 1104 AB,
683 1023 814 1102 proemio
829 1023 870 1087 H.
906 1020 998 1104 170,1
1017 1022 1147 1086 memsit
1161 1022 1230 1105 AB,
1254 1026 1321 1086 erat
1334 1021 1377 1085 sit
1391 1022 1431 1086 H.

265 1128 358 1211 146,6
374 1129 462 1193 eredo
477 1129 546 1212 AB,
563 1130 653 1193 oredo
664 1130 705 1193 H.
731 1129 802 1212 163
818 1129 1047 1194 stillicidiorum
1057 1129 1127 1212 AB,
1142 1128 1376 1196 stillicidiorum
1391 1129 1431 1192 H.

264 1235 360 1318 6210
382 1235 551 1298 diiudicari
572 1233 638 1318 AB,
662 1236 834 1300 diiudicare
852 1237 892 1300 H.
940 1236 1057 1319 158,14
1081 1237 1175 1300 tulus
1194 1236 1263 1318 AB,
1286 1235 1373 1298 iuius
1391 1235 1431 1298 H.

263 1342 335 1424 43st
356 1363 434 1406 amo
452 1342 521 1425 AB,
544 1343 623 1406 duro
642 1343 682 1407 H.
725 1342 820 1426 21,10
842 1343 993 1408 ordienda
1011 1342 1080 1426 AB,
1104 1343 1254 1407 ortuemta
1271 1342 1312 1406 H.
1359 1340 1432 1424 27‚5

262 1454 422 1513 omiseouta
448 1449 517 1532 AB,
545 1450 705 1514 comacula
728 1449 765 1514 B.
816 1451 889 1534 44,6
917 1452 1100 1515 erubescant
1126 1450 1191 1513 iam
1213 1450 1282 1532 AB,
1310 1448 1432 1512 erubes-

263 1555 392 1620 eamiam
415 1557 456 1621 H.
504 1555 598 1640 men
621 1557 724 1620 textile
747 1577 783 1620 ne
806 1557 874 1640 AB,
898 1561 1035 1626 tennione
1058 1557 1098 1621 H.
1146 1556 1239 1639 maa
1264 1556 1375 1620 acilius
1394 1556 1433 1638 A,

263 1662 388 1727 amilius
411 1663 453 1745 B,¹
477 1663 592 1727 aeilitie
615 1664 655 1728 H.
708 1664 802 1747 146,4
830 1669 894 1728 tam
918 1665 986 1747 AB,
1014 1663 1080 1727 iam
1102 1663 1143 1728 H.
1194 1663 1266 1745 85‚9
1291 1663 1433 1744 apuleius

262 1768 322 1832 AB
342 1767 411 1852 (sed
429 1768 464 1832 in
482 1769 512 1834 A
531 1771 560 1851 ej
577 1769 611 1834 in
630 1789 701 1854 ran,
719 1769 755 1835 in
769 1771 797 1835 B
811 1791 837 1851 p
856 1789 935 1836 corr.
956 1789 996 1836 ex
1012 1770 1053 1856 b),
1073 1772 1216 1851 epulatos
1234 1771 1275 1835 H.
1316 1769 1431 1852 146,11

264 1875 351 1938 areola
375 1876 427 1938 tite
449 1876 518 1959 AB,
547 1877 684 1942 credente
702 1879 743 1942 H.
796 1877 890 1961 149,6
908 1898 969 1959 pos
992 1879 1090 1960 funus
1113 1877 1182 1960 AB,
1204 1876 1367 1957 possimus
1390 1877 1432 1941 H.

265 1980 360 2063 157,2
384 1982 419 2046 in
440 1983 539 2064 funus
562 1984 630 2067 AB,
658 1985 788 2066 infimus
812 1986 852 2049 H.
898 1984 971 2067 84,9
995 1985 1030 2048 in
1052 1984 1121 2066 AB,
1149 1989 1183 2048 ut
1205 1985 1246 2048 H.
1292 1983 1366 2065 96,ss
1389 1982 1434 2046 oi-

263 2088 352 2152 dento
375 2088 443 2171 ΑΒ,
467 2090 584 2154 uidente
607 2092 639 2155 H
663 2090 717 2176 (ef.
740 2112 770 2172 p.
786 2091 884 2177 94,5).

353 2195 435 2259 Tum
458 2198 611 2262 nonnulla
634 2197 717 2264 viiie
742 2217 778 2263 eo
797 2203 870 2263 orla
886 2203 968 2281 suni,
993 2201 1077 2279 quod
1099 2198 1202 2264 verba
1224 2196 1259 2261 in
1283 2215 1319 2261 ea
1341 2196 1433 2278 libra,

267 2319 305 2364 ex
329 2319 389 2381 quo
412 2302 522 2367 hausit
544 2303 651 2368 sariba
675 2304 791 2369 codicis
814 2305 993 2388 Heinsiani,
1020 2323 1079 2386 per
1102 2303 1289 2386 compendia
1312 2303 1434 2384 scripta

267 2411 371 2473 erant:

352 2536 382 2596 p.
400 2515 494 2599 10‚17
510 2518 691 2582 memoriam
706 2519 775 2601 AB,
790 2519 939 2583 anemoria
954 2519 995 2583 Η.
1038 2518 1110 2601 163
1128 2540 1168 2582 un
1183 2522 1218 2581 ut
1232 2517 1301 2600 AB,
1325 2522 1380 2581 aut
1393 2517 1433 2581 H.

267 2622 338 2705 19,ss
361 2624 484 2688 nomine
505 2624 574 2707 AB,
602 2646 664 2689 nou
686 2630 732 2689 est
754 2626 794 2690 H.
845 2625 919 2708 20‚9
942 2630 1117 2706 repetamus
1140 2624 1208 2707 AB,
1237 2629 1371 2705 repetam
1393 2625 1434 2688 H.

264 2728 406 2794 Dubium
430 2749 500 2796 esse
520 2750 584 2796 non
599 2735 714 2815 potest,
737 2731 815 2812 quin
830 2733 861 2796 Α
885 2733 961 2797 nB
985 2751 1097 2799 veram
1121 2733 1302 2813 praebeant
1323 2730 1433 2796 lectio·

264 2853 338 2900 nem
362 2835 416 2921 (ef.
435 2839 597 2918 rapiamus
612 2860 642 2906 v.
659 2838 703 2924 4),
727 2858 920 2920 quamquam
942 2844 1078 2919 repetam
1093 2858 1157 2903 non
1171 2857 1302 2920 prorsus
1316 2837 1434 2902 falsum

266 2947 323 3010 est.
369 2943 432 3009 Sed
455 2944 489 3009 in
512 2945 662 3028 ambiguo
686 2950 744 3029 est,
767 2949 876 3010 ulrum
900 2945 1084 3010 coniectura
1107 2951 1241 3025 repetam
1264 2948 1369 3009 ortum
1393 2943 1436 3008 sil

266 3068 309 3114 an
331 3049 486 3116 librarius
509 3053 729 3134 compendium
752 3051 943 3135 neglexerit.
983 3053 1056 3135 21,6
1075 3057 1192 3117 natura
1206 3051 1275 3134 ΑΒ,
1298 3072 1380 3116 nara
1395 3051 1435 3114 H.

266 3157 619 3243 malmantile,
647 3161 770 3241 ammom
792 3161 833 3226 H.
879 3161 951 3243 41,1
978 3164 1080 3224 antem
1102 3159 1171 3242 AB,
1195 3164 1251 3223 aut
1272 3159 1314 3223 H.
1362 3157 1435 3241 51,9

266 3285 358 3345 quom
385 3265 454 3348 AB,
487 3267 634 3346 qnoniam
657 3268 697 3332 H.
750 3267 824 3350 64,9
852 3267 935 3348 quod
957 3271 1003 3330 est
1025 3267 1094 3350 AB,
1124 3266 1253 3348 quodem
1275 3266 1315 3331 H.
1361 3265 1435 3348 67,9

194 3422 196 3455 ,
266 3391 416 3452 quomque
443 3373 512 3455 AB,
547 3392 665 3454 quoque
692 3374 732 3438 H.
794 3373 868 3457 80,3
902 3374 1006 3439 senior
1032 3379 1078 3438 est
1105 3373 1173 3455 AB,
1201 3369 1371 3461 senilorem
1393 3373 1434 3436 H.

267 3477 363 3559 84‚10
386 3500 482 3559 quam
504 3479 534 3543 si
555 3480 624 3562 AB,
653 3480 746 3561 quusi
768 3481 809 3547 H.
838 3500 934 3561 quam
960 3479 1132 3546 lectionem
1154 3478 1437 3561 interpolationem

268 3601 337 3648 esse
360 3603 424 3650 non
446 3590 532 3667 puto.
579 3587 652 3670 89,4
676 3591 779 3651 autem
797 3587 866 3669 AB,
890 3592 945 3651 aut
963 3588 996 3652 H
1019 3586 1073 3672 (ci.
1097 3605 1196 3668 supra
1219 3585 1316 3670 41,1).
1362 3584 1436 3666 89,ss

267 3692 521 3776 amaruan,
549 3695 690 3775 arrum
711 3695 752 3758 H.
803 3693 876 3776 aaa
900 3694 1026 3758 ouum
1049 3694 1118 3775 AB,
1147 3693 1253 3756 aarum
1276 3693 1316 3757 n.
1362 3676 1435 3774 'em

267 3802 453 3878 temperarato
471 3800 540 3882 ΑΒ,
563 3805 727 3880 temperato
751 3801 791 3865 H.
837 3800 910 3883 98,5
928 3804 1056 3880 praeter
1077 3799 1146 3882 AB,
1164 3803 1237 3879 pter
1254 3800 1295 3865 H.
1342 3797 1435 3881 110,1

261 3905 388 3984 possm
409 3907 478 3990 AB,
495 3907 600 3987 possit
621 3908 661 3972 H.
704 3906 821 3989 113,10
844 3907 908 3972 nisi
931 3926 1035 3970 omnes
1052 3906 1121 3990 AB,
1145 3905 1227 3970 nisio
1250 3907 1290 3972 H.
1343 3906 1437 3987 124‚5

267 4017 333 4076 tum
351 4013 419 4096 AB,
443 4017 477 4076 tu
495 4014 536 4078 H.
585 4014 680 4097 maa
702 4014 869 4080 detulimus
888 4012 956 4096 AB,
979 4013 1075 4077 detali
1096 4014 1186 4078 morto
1210 4013 1242 4077 H
1265 4011 1373 4097 (signa
1395 4010 1438 4074 m'

268 4123 302 4184 et
333 4107 373 4202 rii,
405 4124 442 4184 nl
474 4119 613 4204 videtur,
645 4124 832 4204 permutata
864 4119 961 4206 sunl).
1018 4120 1113 4204 mea
1145 4123 1338 4184 menstruam
1368 4118 1437 4200 AB,

267 4230 437 4290 atestinum
460 4228 501 4292 H.
553 4227 647 4311 1293
672 4214 787 4294 auitum
809 4227 878 4310 AB,
907 4228 991 4292 auita
1013 4228 1054 4292 H.
1102 4225 1218 4310 129,10
1241 4229 1347 4289 tamen
1368 4223 1437 4307 AB,

268 4337 334 4396 tam
351 4333 392 4399 H.
432 4333 526 4418 1319
547 4339 649 4399 autem
663 4334 732 4417 AB,
752 4335 853 4399 outH
872 4330 926 4419 (ef.
942 4353 1041 4416 supra
1060 4334 1133 4416 41,1
1154 4336 1189 4398 el
1207 4331 1303 4417 89,4).
1343 4331 1437 4414 141‚3

267 4440 503 4505 nominarentur
524 4441 593 4524 AB,
616 4441 811 4506 nominarent
833 4441 874 4506 H.
921 4441 1015 4524 1715
1039 4441 1120 4504 idem
1143 4440 1211 4522 AB,
1234 4439 1313 4504 idest
1335 4440 1376 4504 H.
