3404 5050
711 387 935 450 „29-

234 580 332 666 A¹B¹,
356 588 384 646 et
406 582 620 646 amoenitatem
642 582 722 646 hano
744 587 772 644 et
794 581 1008 646 salubritatem
1027 581 1109 645 bano
1127 581 1239 664 A²B²,
1262 589 1290 645 et
1312 604 1413 647 omoe-

233 689 361 752 aitotem
394 689 474 752 barac
501 695 529 752 et
556 687 773 752 salubritatem
801 689 976 752 Vahlenus
1026 687 1214 753 Lectionem
1241 688 1413 754 Heinsiani

233 813 348 862 veram
368 813 437 860 esse
457 799 490 859 et
508 794 543 858 in
562 795 739 876 archetypo
759 794 906 860 extitisse
925 793 1076 859 arbitror.
1107 795 1273 860 Vahlenus
1292 800 1411 877 autem,
1488 841 1490 845 -

234 901 291 982 qui
324 901 371 966 sic
400 921 420 965 a
448 901 602 966 Cicerone
631 900 695 966 dici
723 919 816 982 posse
842 905 944 983 negat
972 899 1026 985 (ct.
1051 901 1119 966 eius
1143 901 1412 987 adnotationem),

236 1011 337 1090 errat,
361 1027 437 1072 uam
453 1008 596 1072 hocloco
618 1012 788 1073 exaratum
805 1011 855 1072 est
873 1012 902 1071 ei
913 1045 955 1054 -
968 1015 1003 1090 et,
1032 1027 1104 1072 cum
1127 1007 1234 1072 omnia
1257 1011 1413 1094 exempla,

235 1133 320 1195 quae
344 1113 441 1178 affert
460 1113 513 1180 vir
536 1117 656 1196 doctus
680 1113 815 1195 simplex
843 1121 872 1178 et
893 1115 1082 1196 praebeant.
1124 1115 1243 1179 Mirum
1261 1134 1340 1182 vero
1364 1121 1414 1181 est

235 1222 429 1286 Muellerum
456 1220 628 1286 lectionem
656 1225 873 1286 correctorum
901 1222 1006 1286 A²B²
1033 1221 1218 1286 intextum
1245 1223 1413 1304 recepisse.

236 1329 309 1410 72,2
337 1329 390 1393 ita.
419 1329 505 1409 Quae
527 1328 569 1410 H,
596 1329 700 1408 itaqua
723 1328 793 1393 AB.
842 1329 914 1411 725
938 1329 1010 1392 binc
1032 1329 1074 1411 H,
1106 1329 1155 1392 bie
1178 1330 1217 1411 A,
1249 1329 1321 1393 bine
1342 1327 1412 1413 B*).

235 1435 315 1500 Cum
334 1433 547 1500 Schwenkius
567 1437 702 1498 adnotet
720 1433 763 1498 B1
782 1435 853 1499 biae
875 1434 1027 1500 habuisse
1045 1435 1157 1516 itaque
1175 1437 1203 1500 B
1223 1440 1257 1500 et
1275 1437 1307 1500 H
1326 1441 1415 1500 stent

235 1546 350 1608 eontra
368 1542 408 1624 A,
431 1541 636 1606 scribendum
655 1560 725 1606 esse
744 1547 821 1623 puto
841 1542 921 1620 biae,
946 1542 1139 1623 praesertim
1164 1562 1235 1607 cum
1253 1543 1414 1608 nonnullis

234 1648 314 1714 locis
332 1649 359 1713 B
383 1649 480 1729 paulo
499 1647 683 1713 accuratius
703 1647 909 1730 descripsisse
927 1647 1088 1714 videatur.
1107 1649 1178 1713 bine
1197 1653 1306 1713 autem
1325 1655 1414 1714 certe

235 1757 332 1837 paulo
357 1754 540 1836 elegantius
564 1760 622 1837 est,
646 1757 730 1836 quod
753 1759 933 1834 sequuntur
955 1755 1005 1848 b—io
1027 1774 1130 1838 sacra,
1161 1755 1211 1848 b—tc
1233 1774 1414 1837 genus...

237 1861 338 1946 (unde
361 1861 460 1926 facile
483 1862 532 1926 bic
554 1861 645 1926 nasci
668 1861 797 1946 potuit).
836 1862 986 1926 Ceterum
1004 1880 1046 1926 ne
1064 1863 1148 1926 banc
1167 1861 1295 1942 quidem
1313 1862 1414 1927 Hein-

236 1968 321 2033 siani
339 1968 511 2034 lectionem
526 1970 702 2034 Muellerus
721 1968 755 2033 in
774 1974 900 2034 textum
916 1969 1048 2049 recepit.
1089 1969 1160 2052 723
1177 1969 1252 2050 qaid
1269 1971 1310 2052 H,
1334 1971 1416 2050 qood

237 2077 307 2140 AB.
332 2095 355 2157 y
378 2075 462 2140 falso
483 2075 670 2157 compendio
694 2094 769 2141 usus
793 2082 850 2142 est.
885 2078 957 2158 72,8
972 2077 1170 2158 aedificatam
1185 2076 1226 2160 H,
1250 2077 1416 2158 aedificata

238 2183 307 2246 AB.
333 2181 594 2264 yccmpendium
617 2182 733 2247 omisit,
777 2183 1039 2266 talamannia
1054 2183 1095 2264 H,
1118 2183 1324 2247 valetudinem
1347 2183 1415 2248 AB.

242 2290 314 2372 72,9
341 2291 403 2371 fere
431 2295 560 2354 arana
583 2291 625 2372 H,
652 2291 701 2372 for
729 2297 856 2354 aetatem
879 2291 948 2372 AB,
981 2307 1065 2369 quae
1092 2289 1255 2370 scriptura
1283 2289 1416 2354 elisione

245 2400 317 2460 orta
339 2401 393 2461 est.
446 2396 541 2478 72,12
565 2397 642 2477 qaid
659 2398 700 2478 H,
724 2397 790 2476 quit
807 2397 866 2459 AB
891 2395 944 2479 (cf.
964 2395 1082 2459 similia
1106 2395 1189 2462 vitia
1212 2395 1246 2458 in
1269 2396 1302 2459 H
1325 2417 1354 2477 p.
1373 2396 1415 2480 7).

246 2503 317 2587 73,2
335 2499 494 2591 quintipse
512 2503 554 2586 H,
578 2503 762 2584 qatma‘pse
781 2504 811 2568 A
831 2502 907 2584 (fuit
925 2502 1122 2585 quiniaipso),
1146 2502 1301 2583 qaiiaipse
1319 2503 1356 2566 Β.
1372 2540 1416 2548 -

240 2611 334 2676 Unde
362 2610 480 2678 vitium
506 2609 541 2674 in
569 2629 591 2691 y
619 2614 726 2674 ortum
754 2609 798 2674 sit
827 2614 973 2691 apparet.
1025 2609 1098 2692 733
1129 2607 1176 2673 illi
1199 2611 1240 2692 H,
1267 2610 1320 2676 itte
1348 2610 1416 2674 AB.

240 2718 335 2800 73,13
360 2717 537 2782 ostendisse.
561 2717 697 2796 equidem
716 2717 757 2798 H,
781 2717 950 2781 ostendisse
972 2717 1149 2798 meotidem
1167 2718 1206 2800 A,
1230 2712 1417 2803 ostendisise

238 2825 297 2888 boc
320 2825 443 2905 quidem
456 2825 493 2906 B,
517 2841 601 2904 quae
619 2822 716 2888 lectio
736 2822 835 2886 etiam
853 2823 888 2886 in
903 2825 933 2887 A
953 2828 1030 2888 ante
1048 2841 1197 2888 rasuram
1215 2823 1287 2888 fuit.
1322 2823 1415 2906 73,17

238 2931 315 3012 qaid
341 2949 395 2995 ons
418 2931 500 2994 dnos
524 2930 639 2994 iubetis
662 2928 759 3014 H**),
792 2930 868 3010 qnid
895 2930 980 2993 unsis
1004 2929 1118 2992 dabitis
1141 2929 1200 2992 AB
1229 2927 1320 3012 (anm
1343 2929 1418 3010 quid

238 3037 321 3101 daos
354 3038 473 3101 habetis
503 3036 635 3121 A²B²).
690 3036 857 3100 Vahlenus
888 3034 970 3117 legit
1001 3035 1154 3116 namquid
1185 3036 1266 3098 daos
1298 3035 1417 3099 iubetis

233 3146 364 3227 patrios
382 3148 511 3210 secutus
530 3143 760 3208 auctoritatem
777 3142 986 3208 librariorum
1004 3142 1121 3226 A²B²,
1140 3141 1289 3208 Halmius
1308 3147 1417 3207 autem

239 3251 356 3316 scribit
384 3251 481 3332 qaid?
502 3251 585 3314 dnos
612 3271 666 3314 oos
695 3251 825 3315 iubetis.=
869 3250 932 3315 Sed
960 3253 1050 3314 recte
1072 3249 1152 3314 nrihi
1175 3249 1307 3316 videtur
1329 3250 1417 3314 Vah·

238 3360 333 3423 lenus
356 3360 528 3423 adnotasse
551 3358 702 3438 nantqaid
721 3357 829 3438 aptius
848 3375 917 3422 esse
937 3376 1033 3437 quam
1051 3357 1127 3438 qaid
1145 3361 1218 3438 post
1235 3357 1417 3438 interroga-

240 3465 361 3530 tionem
381 3466 519 3529 alteram
538 3467 629 3545 paolo
647 3471 692 3528 est
709 3463 846 3547 illatum,
866 3468 902 3529 at
920 3484 983 3542 oos,
1008 3466 1092 3543 quod
1111 3465 1212 3528 habet
1230 3463 1271 3544 H,
1294 3461 1418 3527 scilicet

239 3593 295 3638 oos
322 3572 494 3652 maronibus
522 3570 601 3634 mihi
629 3570 848 3635 necessarium
876 3571 1010 3638 videtur
1038 3588 1115 3651 esse,
1149 3574 1182 3632 ct
1209 3571 1250 3632 ad
1278 3570 1338 3632 hoc
1365 3588 1418 3631 uos

241 3678 362 3760 optime
385 3681 526 3761 quadrat
548 3695 734 3758 responsum
753 3677 857 3741 Marci
882 3678 952 3760 Epo
975 3697 1020 3740 me
1043 3677 1163 3740 terente
1185 3681 1213 3737 et
1234 3675 1283 3740 illi
1305 3680 1333 3738 et
1356 3695 1419 3738 ort-

240 3787 336 3850 aibas
358 3786 568 3866 monacbibas
595 3785 766 3848 clausisse
790 3784 1047 3864 eeaseopotnios.
1099 3782 1216 3862 Itaque
1243 3782 1328 3846 hauc
1354 3782 1418 3846 lec·

241 3945 363 4010 tionem
394 3945 430 4010 in
462 3947 639 4028 archetypo
672 3965 694 4008 x
721 3943 821 4008 fuisse
850 3941 993 4008 arbitror
1021 3897 1097 4022 iiii
1123 3963 1176 4006 oos
1204 3943 1294 4006 duos.
1346 3941 1417 4023 74,1

235 4050 427 4142 patriensium
455 4060 500 4117 est
521 4053 562 4136 H,
584 4053 696 4133 patria
724 4072 798 4115 snae
826 4056 871 4114 est
893 4050 932 4133 A,
954 4049 1081 4130 patrios
1109 4070 1167 4113 ulte
1195 4055 1240 4112 est
1261 4049 1298 4113 B.
1346 4047 1418 4129 743

333 4265 346 4296 *
404 4308 410 4320 ,
449 4307 455 4318 ,
592 4263 653 4317 .ΙΙ.

240 4361 245 4367 ’
333 4264 716 4424 *ἰ)οὲεεῖιιοξῗῐίἓῗίιοοὶοοο
731 4351 820 4405 virum
834 4351 1020 4405 doctissimum
1034 4349 1218 4403 G.Wissowa.
1247 4347 1421 4430 Sedunum

243 4444 377 4513 numqaid
394 4461 430 4498 an
449 4444 516 4512 quid
533 4442 576 4496 vir
594 4443 688 4495 doctus
707 4441 839 4508 scriptum
857 4440 934 4509 velit,
953 4439 1082 4493 memoria
1099 4453 1153 4491 nou
1172 4443 1259 4492 teneo.
