3404 5050
724 381 1019 466 ‚-ae-

320 577 436 660 scriba,
460 575 515 656 qui
534 577 637 643 verba
655 595 719 641 non
737 580 827 640 reete
846 575 1005 657 distinxit,
1023 575 1106 640 falso
1125 593 1201 640 usus
1220 578 1270 640 est
1289 573 1493 656 compendio).

319 685 433 748 Nonne
461 682 670 748 manifestum
695 682 801 747 estin
825 683 1002 764 archetypo
1024 702 1046 746 x
1070 671 1131 763 quo
1153 682 1207 746 deo
1232 681 1388 764 extitisse,
1412 699 1494 761 quae

319 789 415 856 lectio
438 789 473 854 in
496 808 518 871 y
540 789 575 854 in
599 789 681 870 quod
703 810 736 853 co
760 788 851 876 abiit,
880 809 900 853 a
923 787 1031 853 scriba
1054 792 1163 853 autem
1187 787 1304 853 codicis
1327 807 1345 851 z
1367 787 1403 851 in
1426 807 1494 852 eum

319 898 374 961 deo
397 901 525 962 mutata
554 900 611 980 est,
640 895 695 976 qui
724 895 823 960 etiam
852 894 925 960 aliis
952 894 1030 960 locis
1057 916 1148 976 poem
1176 894 1211 959 in
1239 915 1308 959 cum
1330 892 1494 960 mutavit?

319 1005 470 1069 Ceterum
498 1025 590 1085 poem
612 1004 667 1067 deo
695 1002 729 1068 in
757 1006 884 1066 textum
907 1001 1127 1083 recipiendum
1150 1020 1220 1067 esse
1243 1000 1395 1083 arbitror,
1424 1019 1494 1065 eum

319 1112 403 1176 hanc
430 1109 679 1192 praepositionis
706 1108 794 1174 illius
822 1108 960 1174 formam
984 1107 1146 1173 Ciceronis
1170 1112 1281 1172 aetate
1304 1111 1493 1188 usurpatam

320 1237 389 1283 θεεθ
417 1221 543 1283 constet
571 1216 622 1301 (ci.
646 1215 784 1282 Jordani
812 1219 935 1296 quaest.
960 1217 1042 1280 Tull.
1068 1215 1137 1300 IV).
1188 1215 1284 1298 47‚10
1313 1213 1494 1280 latrocinari

319 1326 383 1390 -r'os
406 1325 447 1408 H,
472 1325 694 1388 retractandas
717 1324 785 1389 AB.
832 1323 925 1410 47,ss
951 1344 1123 1404 supponere
1146 1323 1187 1405 H,
1210 1323 1342 1404 subpore
1358 1322 1397 1403 Α,
1420 1341 1494 1400 sup-

312 1453 391 1514 pare
413 1433 450 1497 B.
496 1433 593 1514 47,13
616 1436 652 1494 ut
673 1451 779 1494 eorum
802 1430 835 1495 H
851 1428 960 1514 (A‘2B2,
975 1429 1029 1515 K),
1052 1437 1088 1494 ut
1109 1451 1241 1511 quorum
1256 1427 1492 1511 A1B1(Vah1e-

318 1537 400 1622 nus).
450 1537 563 1603 Lectio
590 1536 762 1602 Heinsiani
796 1538 953 1619 vulgatur
979 1540 1013 1600 et
1045 1535 1214 1617 aptissima
1246 1534 1325 1600 mihi
1363 1515 1494 1601 videtur

320 1663 397 1710 esse.
429 1650 465 1709 ut
506 1666 639 1726 quorum
661 1646 827 1710 Vahlenus
863 1643 1011 1708 lectionis
1047 1642 1277 1709 Vossianorum
1313 1643 1494 1708 servandae

318 1751 413 1816 nimis
446 1751 580 1834 cupidus
618 1753 660 1816 ad
693 1750 848 1832 apodosin
879 1750 990 1834 refert,
1033 1752 1089 1815 sed
1126 1751 1226 1814 talem
1258 1747 1495 1825 sententiarum

319 1857 561 1924 collocationem
583 1857 721 1922 latinam
746 1875 815 1922 esse
838 1876 929 1939 nege.
975 1856 1050 1940 48‚5
1073 1857 1164 1922 nulla
1188 1855 1254 1921 ulto
1276 1855 1340 1919 alst
1362 1860 1495 1918 craturae

317 1987 429 2030 norma
451 1967 492 2048 H,
520 1967 643 2031 nullom
670 1964 769 2028 alium
795 1965 860 2028 ulsr'
886 1965 1016 2028 naturai
1038 1985 1149 2028 norma
1171 1963 1229 2027 AB
1254 1965 1288 2044 (y
1310 1961 1413 2043 igitur
1435 1963 1495 2026 hoc

317 2073 386 2137 ioco
414 2071 554 2152 priscam
581 2070 718 2136 formam
745 2071 874 2134 notarat
896 2069 979 2134 falso
1002 2068 1164 2154 tradidit).
1210 2069 1377 2133 Vahlenus
1400 2087 1493 2150 prae·

318 2177 510 2260 positionem
533 2178 575 2242 ad
599 2179 640 2242 ad
662 2175 833 2242 lectionem
857 2176 1000 2242 codicum
1018 2177 1077 2241 AB
1102 2175 1228 2240 addidit
1251 2179 1285 2240 et
1307 2157 1439 2240 poturae
1460 2174 1494 2238 in

318 2291 466 2350 natorum
490 2283 644 2366 correxit3
673 2286 729 2348 sed
757 2285 906 2348 hocloco
929 2285 1086 2349 Muellero
1110 2283 1277 2348 adsentior
1300 2282 1494 2364 scripturam

317 2392 500 2476 Heiusiani,
526 2411 609 2473 quae
637 2395 716 2474 apta
744 2396 802 2474 est,
830 2390 1009 2473 recipienti.
1055 2391 1167 2455 Facile
1196 2389 1280 2455 euim
1303 2389 1338 2454 in
1360 2409 1383 2470 y
1405 2389 1495 2456 nulla

318 2503 384 2566 clia
398 2499 434 2564 in
448 2500 570 2565 nullom
586 2502 684 2565 altam
699 2497 791 2564 abire
807 2498 921 2581 potuit,
946 2517 1017 2562 eum
1040 2500 1249 2562 antecederet
1265 2499 1358 2578 tepere
1374 2497 1494 2588 bonam

318 2607 390 2689 rep
416 2606 571 2670 incubaret
592 2607 634 2683 H,
663 2604 824 2685 uuquam
846 2604 914 2686 AB,
943 2604 1016 2687 eea
1045 2625 1082 2668 ea
1106 2611 1208 2668 antem
1230 2603 1272 2686 H,
1300 2584 1402 2666 abiem
1425 2603 1493 2666 An.

318 2734 355 2776 eo
377 2711 413 2776 in
435 2711 630 2793 yomissum
654 2715 712 2793 est,
742 2712 826 2790 quod
854 2710 953 2776 facile
983 2711 1054 2776 fieri
1081 2710 1196 2793 potuit,
1225 2709 1301 2790 quia
1329 2709 1494 2774 antecedit

318 2819 432 2898 turpio.
478 2818 531 2882 An
559 2836 612 2882 res
642 2817 740 2882 aliter
768 2835 803 2882 se
830 2818 953 2883 habet?
998 2819 1038 2884 In
1062 2817 1210 2898 sequenti
1234 2816 1318 2882 euim
1341 2834 1439 2883 versu
1462 2816 1494 2880 H

318 2931 408 2990 recte
426 2926 564 3006 praebet
575 2925 692 3006 posita,
717 2925 744 2988 B
763 2925 868 3005 possit
890 2947 936 3004 ea,
962 2924 1008 2990 Α2
1020 2945 1136 3006 ponere
1160 2924 1305 3009 (praeter
1321 2945 1347 3005 p
1366 2922 1401 2987 in
1419 2924 1493 3003 ras)

317 3063 344 3087 :
358 3031 410 3116 B2,
433 3034 519 3100 unde
543 3030 688 3097 concludi
711 3035 820 3111 potest
842 3030 888 3096 Al
912 3034 1057 3114 eandem,
1080 3050 1177 3111 quam
1200 3031 1338 3110 praebet
1361 3029 1413 3111 B1,
1436 3030 1493 3093 ha-

317 3139 426 3206 buisse
440 3139 620 3222 lectionem,
644 3144 678 3204 et
700 3140 788 3204 haud
811 3137 876 3204 scio
901 3158 943 3203 an
966 3138 1048 3203 illud
1070 3159 1108 3202 ec
1130 3137 1164 3201 in
1180 3157 1202 3220 y
1217 3156 1273 3202 suo
1289 3138 1357 3202 loco
1373 3141 1494 3202 motum

317 3249 380 3311 huc
408 3245 535 3312 abierit.
582 3246 656 3328 49,3
680 3247 804 3310 arboris
831 3244 873 3328 H,
902 3245 1029 3310 arbores
1051 3245 1120 3309 AB.
1167 3245 1240 3327 49,ss
1269 3251 1297 3308 et
1323 3251 1358 3308 ot
1383 3244 1430 3308 aa
1453 3244 1493 3326 H,

317 3358 346 3416 et
362 3353 409 3416 tto
427 3353 496 3418 AB.
542 3357 577 3416 nt
598 3352 634 3417 in
656 3373 679 3435 y
696 3353 795 3418 facile
812 3351 1010 3418 intercidere
1028 3352 1144 3435 potuit,
1168 3353 1252 3432 quod
1271 3350 1440 3431 praecedit
1457 3357 1492 3415 et.

318 3459 414 3543 bopo
437 3460 557 3524 ratione
580 3459 784 3524 diiudicanda
807 3461 848 3543 H,
875 3460 1026 3524 rationem
1049 3459 1220 3524 lordicando
1242 3459 1281 3540 A,
1304 3458 1423 3522 ratione
1446 3459 1495 3521 tn-

317 3567 487 3632 r'odc'ccrulo
502 3567 538 3632 B.
577 3567 735 3632 Muellero
759 3565 924 3632 adsentior
938 3565 1109 3632 lectionem
1126 3564 1243 3630 codicis
1258 3565 1291 3629 H
1314 3563 1494 3647 recipienti,

318 3693 414 3754 quam
438 3674 625 3740 coniectura
648 3673 817 3741 inventam
841 3692 910 3738 esse
934 3673 991 3741 vix
1013 3671 1183 3754 probabile
1207 3676 1265 3754 est,
1289 3691 1360 3736 cum
1384 3672 1433 3736 ΑΒ
1461 3675 1495 3736 θῖ

317 3831 350 3896 Κ
373 3834 508 3897 eandem
535 3835 717 3916 praebeant
744 3834 948 3916 scripturam.
994 3831 1115 3897 Fuitne
1142 3831 1177 3896 in
1201 3833 1378 3914 archetypo
1401 3852 1423 3895 x
1446 3775 1494 3896 lll-

316 3939 460 4004 dc'condo.
498 3939 612 4005 Lectio
637 3945 747 4006 autem
771 3939 888 4006 codicis
913 3959 935 4021 y
956 3937 1179 4021 dittographia
1199 3943 1279 4003 nata
1300 3942 1357 4002 est.
1397 3938 1493 4020 50,10

316 4049 465 4110 recturum
492 4047 533 4129 H,
561 4053 677 4111 notura
700 4048 768 4112 AB.
820 4045 1048 4128 Compendium
1075 4045 1178 4128 igitur
1208 4066 1230 4127 y
1258 4044 1372 4110 omisit.
1419 4045 1492 4128 51,7

317 4153 448 4217 abducit.
473 4160 506 4217 ot
523 4174 592 4218 cero
611 4153 727 4218 animis
743 4153 785 4236 H,
809 4153 943 4218 adducit.
967 4153 1009 4216 cd
1031 4173 1101 4216 cero
1120 4160 1222 4217 onmis
1237 4153 1276 4235 A,
1300 4152 1432 4216 obducit.
1453 4151 1495 4215 ad

316 4279 386 4322 oero
415 4260 518 4324 onmis
540 4260 568 4323 B
598 4259 638 4345 (=
656 4259 700 4343 y).
724 4296 767 4306 —
790 4258 933 4324 Dubium
962 4277 1032 4324 esse
1059 4279 1123 4325 non
1146 4264 1262 4341 potest,
1291 4257 1370 4337 quin
1396 4257 1493 4323 lectio

316 4364 488 4430 Heinsiani
511 4365 545 4430 in
569 4367 747 4448 archetypo
770 4366 880 4450 fuerit,
905 4370 939 4431 et
961 4368 1143 4432 laudandus
1167 4371 1217 4430 est
1240 4365 1414 4448 VahlenuS,
1438 4365 1493 4446 qui

316 4471 401 4536 hano
421 4471 615 4553 scripturam
637 4473 818 4539 intextum
837 4473 969 4557 recepit,
993 4474 1193 4555 vulgabatur
1217 4471 1301 4536 enim
1325 4471 1451 4536 abducet
1473 4493 1493 4535 o
