3404 5050
796 376 1019 440 -20-

320 571 437 652 quibus
460 571 492 635 H
516 589 629 637 veram
657 571 758 635 habet
785 570 981 652 scripturam
1005 571 1323 637 contra'Vossianos.
1369 572 1441 655 Qua
1463 571 1499 636 in

321 697 357 743 re
380 677 561 744 videbimus
592 677 700 764 etiam¹
713 677 888 743 Vossianos
911 697 975 742 non
1000 696 1040 743 ex
1063 678 1133 759 ipso
1157 679 1335 760 archetypo
1359 677 1418 764 (x),
1441 680 1498 744 sed

322 804 362 849 ex
387 786 573 866 apographo
597 786 734 865 quodam
751 783 801 869 (y)
826 784 992 852 derivatos
1017 803 1094 869 esse,
1114 803 1186 850 cum
1209 785 1369 866 plurimae
1392 789 1499 850 recta·

321 911 393 956 rum
416 889 599 974 lectionum,
630 910 710 971 quas
734 891 836 956 habet
858 892 899 974 H,
931 891 1009 971 quin
1032 891 1155 956 iamin
1178 893 1357 973 archetypo
1381 891 1499 956 extite-

322 998 400 1082 rint,
425 997 570 1063 dubitari
589 1016 652 1062 non
671 997 780 1079 possit.
820 998 964 1063 Stemma
979 997 1083 1080 igitur
1097 998 1157 1063 hoo
1173 1017 1243 1064 esse
1259 999 1500 1081 intellegemus:

898 1160 920 1204 X

736 1510 1088 1757 Ns

411 1833 474 1900 Sed
503 1852 571 1899 rem
600 1833 838 1916 adgrediamur.
891 1835 1002 1914 Atque
1031 1833 1152 1900 acriter
1179 1837 1396 1900 secernendae
1424 1839 1503 1899 sunt

142 1969 144 1974 v
322 1959 381 2004 eae
396 1945 507 2004 rectae
522 1939 686 2022 lectiones
712 1959 795 2020 quac
819 1941 1007 2006 coniectura
1030 1941 1157 2006 omnino
1172 1940 1314 2007 inveniri
1330 1960 1394 2006 non
1409 1947 1502 2023 pote·

322 2052 407 2129 rant,
432 2048 473 2111 ab
489 2046 537 2129 iis,
562 2066 645 2126 quae
670 2047 895 2112 emendatione
910 2052 1064 2129 poterant
1079 2047 1177 2113 nasci.
1217 2047 1391 2112 Videamus
1415 2067 1501 2113 nuno

322 2154 492 2218 nonnullos
515 2154 609 2236 locos,
634 2152 750 2234 quibus
769 2148 1071 2220 veram'Heinsiani
1094 2154 1290 2235 scripturam
1314 2154 1502 2220 coniectura

322 2259 491 2327 inventam
516 2278 585 2326 esse
609 2265 699 2324 certe
722 2262 907 2342 negandum
931 2265 995 2325 est:

411 2406 440 2466 p.
457 2385 508 2468 6,2
525 2389 626 2449 tamea
640 2405 703 2450 ooo
717 2385 799 2449 aelli
813 2385 855 2468 H,
879 2391 981 2450 tumeo
996 2386 1035 2468 A,
1059 2391 1162 2450 ramea
1176 2385 1257 2450 paulli
1270 2387 1306 2453 Β,
1349 2406 1374 2479 *Χ
1397 2385 1503 2468 igitur

322 2491 438 2558 habuit
461 2497 564 2556 tomen
586 2513 648 2556 noa
671 2493 763 2570 nolli,-
791 2511 875 2571 quae
902 2492 999 2557 lectio
1022 2492 1057 2556 in
1080 2512 1102 2573 y
1125 2491 1208 2557 abiit
1235 2491 1269 2556 in
1293 2499 1395 2557 tameo
1417 2493 1502 2558 nolli

323 2597 396 2683 (orn.
412 2597 488 2682 ooo)
507 2631 535 2650 ε
550 2598 592 2677 Β;
616 2599 647 2660 Α
671 2603 781 2662 autern
804 2617 915 2664 vocem
938 2599 1032 2677 colli,
1057 2585 1154 2678 quam
1176 2600 1294 2664 falsam
1318 2617 1387 2664 esse
1409 2604 1502 2664 recte

322 2704 495 2786 intellexit,
524 2705 668 2768 consulto
695 2691 828 2791 videtur
855 2705 1005 2770 omisisse.
1054 2706 1127 2788 15,6
1151 2706 1227 2787 qaid
1248 2706 1290 2788 H,
1313 2726 1408 2786 quom
1431 2707 1500 2770 AB.

323 2811 533 2876 Manifestum
561 2809 667 2875 estin
690 2830 712 2874 x
735 2811 812 2892 pald
835 2811 991 2895 extitisse,
1022 2812 1162 2876 scribam
1191 2817 1300 2877 autem
1328 2812 1445 2877 codicis
1468 2831 1499 2894 y,

323 2922 407 3000 quod
428 2918 514 2984 oculi
539 2920 580 2983 ad
596 2936 707 2985 vocem
723 2939 826 2999 qoam,
852 2938 937 2999 quae
954 2923 1048 2983 extat
1063 2919 1098 2982 in
1112 2918 1257 3000 proximo
1273 2937 1380 3001 versu,
1404 2905 1500 2984 abof-

323 3030 490 3108 raverunt,
515 3047 609 3107 qoam
626 3024 801 3107 scripsisse,
825 3045 909 3106 quae
928 3023 1025 3090 lectio
1041 3045 1061 3090 a
1077 3025 1244 3091 Vossianis
1260 3025 1425 3107 descripta
1441 3030 1500 3090 est.

323 3133 396 3215 39,4
427 3133 469 3196 sit
490 3132 576 3196 uides
600 3132 641 3213 H,
669 3133 734 3195 situ
761 3131 841 3196 idest
863 3133 902 3214 A,
935 3133 965 3197 so'
993 3138 1027 3196 to
1054 3133 1134 3196 idest
1154 3133 1191 3198 B.
1241 3133 1390 3216 yigitur
1416 3133 1501 3197 falso

323 3256 480 3318 separans
503 3238 536 3301 id
559 3258 592 3300 es
614 3238 755 3320 legebat,
783 3240 868 3318 quod
895 3237 930 3302 in
957 3239 1060 3303 idest
1087 3226 1266 3304 correxit*
1283 3239 1379 3321 39,14
1404 3245 1502 3319 Speu-

322 3341 623 3430 stpponpeols'ippo
641 3343 683 3426 H,
702 3341 902 3432 lpseoslippo
921 3344 961 3428 A,
984 3346 1051 3426 ipse
1069 3347 1181 3427 oslppo
1201 3346 1237 3410 B.
1280 3345 1395 3410 Scriba
1414 3345 1500 3411 codi-

323 3451 368 3516 cis
387 3471 409 3532 y
428 3451 523 3531 ip...
543 3449 681 3531 scripsit,
695 3453 790 3530 'quod
812 3450 917 3517 medio
941 3471 1022 3518 aevo
1046 3470 1143 3534 saepe
1162 3451 1351 3517 scribebant
1369 3452 1500 3534 formas

323 3563 359 3622 ut
376 3558 562 3638 Ispeosc’ppo
578 3557 618 3620 oi.
637 3575 662 3621 e.
679 3577 709 3638 g.
726 3557 870 3640 Oorssen,
887 3560 969 3623 iiber
985 3560 1199 3641 Aussprache‚
1216 3559 1422 3624 Vokalismus
1438 3563 1501 3624 etc.

322 3666 364 3746 H,
377 3666 462 3730 1287.
480 3721 482 3728 Α
508 3665 582 3747 41,o
606 3669 634 3728 el
652 3665 833 3730 ludis-sine
852 3666 894 3748 H,
918 3668 1086 3731 etmasm'rc
1104 3667 1172 3730 AB.
1219 3665 1390 3732 Librarius
1414 3666 1499 3732 codi-

323 3771 368 3835 cis
391 3791 422 3853 y,
451 3771 506 3850 qui
533 3771 666 3853 linguae
694 3771 819 3836 latinae
847 3791 911 3836 non
935 3773 1060 3852 peritus
1085 3777 1166 3855 erat,
1194 3773 1229 3836 ln
1252 3777 1286 3837 et
1308 3795 1348 3852 m,
1374 3775 1397 3837 ii
1421 3779 1455 3838 et
1477 3796 1502 3837 a

322 3863 531 3958 permutavit.
582 3878 852 3961 48,6‘·possumos
875 3879 916 3960 H,
939 3879 1090 3958 pessimis
1114 3880 1182 3945 AB.
1231 3879 1304 3962 582
1333 3885 1435 3945 torreo
1457 3881 1501 3962 H,

321 3983 388 4048 lom
415 3984 454 4066 A,
482 3975 547 4048 tom
574 3985 610 4049 B.
657 3985 823 4049 Vahlen'us
840 3983 890 4048 in
918 3988 1045 4049 textum
1074 3984 1198 4066 recepit
1226 3987 1395 4067 aliquando
1422 3987 1496 4050 iam.

323 4090 482 4171 Equidem
514 4075 606 4155 mihi*
626 4077 774 4174 persuasi
806 4089 979 4170 lectionem
1012 4090 1129 4156 codicis
1151 4093 1185 4156 H
1217 4111 1331 4159 veram
1364 4111 1432 4157 esse
1465 4097 1503 4157 et

320 4202 428 4266 lumea
443 4197 483 4264 in
493 4198 672 4279 archetypo
687 4197 797 4280 fuisse,
821 4199 906 4277 quod
930 4195 1072 4281 (scilicet
1086 4217 1146 4280 per
1162 4199 1383 4280 compendium
1398 4199 1500 4279 scrip-

323 4304 406 4388 tum)
425 4304 460 4368 in
478 4323 500 4386 y
518 4303 553 4368 in
572 4309 636 4368 tora
655 4303 747 4387 abiit,
766 4323 863 4384 quam
881 4304 1054 4370 lectionem
1072 4305 1217 4373 servavit
1235 4307 1277 4385 B,
1297 4306 1362 4368 iam
1380 4309 1498 4386 autem,

323 4413 406 4491 quod
425 4411 456 4474 A
474 4395 582 4495 Habet,
606 4413 691 4477 unde
710 4413 815 4475 ortum
834 4410 878 4475 sit
896 4421 1043 4494 apparet,
1067 4431 1143 4476 nam
1161 4411 1291 4492 saepius
1311 4416 1323 4473 t
1342 4417 1375 4476 et
1393 4412 1405 4474 c'
1424 4429 1500 4492 per-
