3404 5050
370 1193 541 1306 Recensio
568 1238 776 1320 plurimorum
800 1236 961 1302 Ciceronis
984 1236 1147 1320 librorum,
1179 1237 1234 1318 qui
1262 1239 1304 1302 ad
1331 1237 1432 1319 philo-

262 1345 408 1427 sophiam
426 1351 584 1430 spectant,
607 1345 780 1427 praecipue
802 1344 865 1409 fide
883 1344 982 1409 trium
1001 1344 1151 1428 codicum,
1167 1344 1316 1410 Vossiani
1335 1343 1365 1410 l
1381 1345 1432 1429 84,

264 1452 414 1518 Vossiani
441 1453 542 1536 1386,
575 1451 745 1518 Heinsiani
777 1452 811 1517 H
833 1451 896 1516 118
924 1451 1048 1517 nititur.
1100 1452 1186 1535 Quos
1213 1456 1281 1517 tres
1309 1451 1433 1518 codices

263 1558 372 1624 redire
395 1561 437 1624 ad
459 1579 557 1625 unum
581 1578 695 1641 corpus
719 1563 842 1623 certum
866 1562 923 1641 est,
947 1561 1030 1639 quod
1054 1559 1191 1624 extabat
1213 1558 1248 1624 iu
1267 1557 1376 1624 Gallia
1399 1562 1433 1624 et

263 1667 538 1747 complectebatur
553 1665 652 1731 libros
668 1668 708 1730 de
724 1669 844 1730 natura
860 1667 999 1748 deorum,
1015 1667 1055 1730 de
1071 1664 1281 1748 divinatione,
1305 1665 1431 1730 Timae-

262 1792 325 1856 um,
358 1773 502 1856 delato,
536 1773 652 1856 topica,
684 1773 859 1855 paradoxa,
888 1773 1066 1856 Lucullum,
1099 1775 1139 1837 de
1170 1772 1297 1854 legibus
1324 1771 1432 1838 libros.

262 1880 327 1944 Sed
354 1877 441 1944 inter
468 1879 555 1946 viros
583 1881 692 1944 doctos
719 1878 759 1943 lis
787 1883 845 1962 est,
873 1899 948 1944 num
972 1881 1071 1945 codex
1094 1878 1293 1944 Heinsianus
1321 1881 1433 1944 eadem

261 1985 306 2050 sit
338 1986 535 2052 auctoritate
567 2006 631 2067 qua
653 1984 810 2051 Vossiani.
857 1986 988 2050 Etenim
1010 1986 1199 2070 HalmiuS,
1227 1987 1282 2068 qui
1311 1985 1433 2068 primus

262 2094 320 2158 hos
343 2094 467 2174 codices
490 2093 630 2160 omnium
645 2093 940 2176 praestantissimos
957 2097 991 2158 et
1005 2097 1139 2174 praeter
1153 2093 1432 2159 Vindobonensem

262 2219 393 2282 prorsus
427 2201 612 2267 mutilatum
648 2201 886 2283 antiquissimos
919 2219 988 2266 esse
1021 2205 1225 2285 cognoverat,
1262 2199 1433 2266 Heinsiani

261 2307 358 2371 fidem
381 2327 444 2372 non
461 2308 511 2373 ita
525 2328 677 2391 magnam
693 2327 762 2374 esse
778 2313 878 2391 ratus,
902 2307 1021 2390 quippe
1044 2307 1099 2389 qui
1123 2327 1163 2373 ex
1187 2311 1297 2374 eodem
1320 2309 1432 2373 arche·

263 2417 343 2494 typo
367 2433 437 2479 cum
460 2415 626 2480 Vossianis
650 2415 816 2483 derivatus
841 2420 934 2498 esset,
961 2415 995 2480 in
1017 2414 1144 2498 legibus
1167 2414 1312 2480 tullianis
1337 2417 1432 2479 eden·

263 2519 313 2584 dis
336 2520 475 2586 maxime
498 2521 727 2587 Vossianorum
751 2521 947 2587 anctoritate
974 2521 1062 2588 nisus
1086 2527 1145 2588 est.
1193 2523 1276 2587 Eum
1304 2526 1433 2587 secutus

263 2627 472 2712 Vahlenus,
497 2628 587 2694 cuius
609 2630 717 2710 legum
740 2628 950 2694 tullianorum
974 2629 1072 2694 editio
1092 2648 1175 2694 anno
1194 2629 1433 2694 MDCCCLXX

262 2734 426 2818 apparuit,
459 2738 501 2800 ad
531 2735 759 2802 Vossianorum
791 2738 891 2801 solam
919 2735 1104 2801 memoriam
1136 2736 1239 2802 verba
1271 2735 1433 2801 Ciceronis

261 2841 425 2907 recensuit
456 2841 560 2924 iisque
587 2847 715 2909 tantum
743 2842 828 2926 locis
861 2842 977 2923 quibus
1008 2841 1178 2923 primitiva
1210 2841 1372 2923 scriptura
1398 2842 1434 2906 in

262 2952 399 3029 utroque
414 2949 571 3014 Vossiauo
590 2949 699 3015 lituris
715 2954 749 3016 et
763 2949 1014 3015 correctionibus
1030 2940 1211 3014 deformata
1228 2953 1308 3032 crat,
1332 2948 1432 3014 Heiu-

263 3053 347 3118 siani
381 3056 535 3121 lectiones
564 3057 703 3123 admisit.
758 3058 855 3122 Hunc
883 3056 966 3121 enim
995 3056 1143 3139 codicem,
1172 3055 1226 3137 qui
1255 3074 1295 3121 ex
1324 3057 1433 3121 eodem

262 3160 354 3226 iente
377 3168 540 3228 manasset
564 3163 647 3229 etin
662 3163 808 3246 plurimis
825 3183 896 3228 cum
913 3163 1079 3228 Vossianis
1095 3162 1300 3246 consentiret,
1324 3168 1434 3228 tamen

262 3286 485 3349 nonnusquam
513 3289 608 3336 veras
641 3270 827 3354 scripturas,
861 3270 1006 3350 quaein
1034 3272 1210 3352 archetypo
1239 3268 1433 3353 extitissent,

261 3376 405 3442 tenuisse
429 3376 665 3461 arbitrabatur,
688 3379 858 3444 nonnullas
882 3396 1006 3459 quoque
1030 3377 1167 3442 arbitrio
1191 3381 1361 3442 correctas
1391 3376 1434 3442 Ei

261 3483 404 3565 opinioni
415 3483 762 3564 primusMuellerus
777 3503 963 3568 repugnans
974 3484 1009 3549 in
1020 3483 1224 3566 praefatione
1236 3502 1314 3548 suae
1325 3485 1434 3567 legum
1537 3561 1539 3566 ¹

263 3590 413 3656 editionis
429 3591 610 3658 Vahlenum
633 3610 697 3656 non
719 3597 809 3657 recte
832 3595 872 3657 de
896 3591 1013 3657 codicis
1028 3590 1199 3658 Heinsiani
1214 3593 1334 3654 natura
1349 3590 1433 3656 iudi·

264 3715 354 3762 casse
381 3697 472 3781 dixit,
505 3717 580 3763 nam
612 3700 697 3764 hunc
730 3698 870 3764 codicem
902 3717 1059 3779 nusquam
1093 3715 1161 3762 esse
1188 3697 1434 3781 neglegendum,

263 3802 400 3870 arbitrio
430 3809 539 3870 autem
567 3809 729 3871 correctas
757 3806 936 3888 scripturas
964 3807 1069 3870 nullas
1097 3805 1226 3869 habere.
1277 3806 1434 3872 Muellero

262 3911 449 3978 adsentiens
464 3913 487 3978 J
492 3916 659 3978 ordanus
681 3913 715 3978 in
739 3913 892 3995 symbolis
911 3915 953 3978 ad
971 3911 1139 3978 historiam
1157 3912 1290 3996 liuguae
1310 3911 1435 3978 latinae

262 4038 291 4085 a.
315 4019 605 4084 MDCCCLXXIX
635 4019 730 4085 editis
757 4021 847 4102 leges
874 4019 1019 4103 ficticiaS,
1048 4039 1128 4101 quas
1156 4019 1267 4086 Cicero
1295 4021 1434 4084 secundo

262 4131 297 4192 et
319 4125 418 4192 tertio
441 4127 548 4209 legum
564 4126 647 4192 libro
664 4126 839 4210 constituit,
863 4130 967 4193 denuo
983 4127 1092 4211 edidit,
1116 4126 1266 4208 quoniam
1280 4131 1330 4191 'ex
1346 4127 1433 4191 Vah-

260 4233 328 4300 leni
351 4233 492 4300 editione
516 4234 883 4300 codicemHeinsianum
901 4236 1095 4318 neglegente
1113 4253 1177 4300 non
1192 4237 1281 4299 recte
1296 4231 1434 4298 iudicari

261 4345 378 4425 posset,
402 4361 482 4422 quas
497 4340 640 4407 rationes
660 4341 770 4408 Cicero
789 4341 823 4407 in
842 4361 987 4408 sermone
1006 4342 1111 4423 prisco
1129 4341 1285 4406 imitando
1305 4344 1434 4406 secutus

262 4452 355 4513 esset.
401 4448 614 4514 Nihilominus
637 4450 802 4515 Vahlenus
830 4448 864 4514 in
891 4449 1055 4514 sententia
1082 4467 1140 4513 sua
1163 4446 1350 4530 permansit,
1378 4451 1435 4514 sed
