3404 5050
706 400 998 476 -rs-,

226 598 382 679 facessent
403 597 435 660 H
463 595 575 679 (quam
602 595 773 660 lectionem
796 614 860 660 non
883 595 1069 661 coniectura
1091 596 1219 664 invenit
1241 597 1404 681 librarius,

226 721 296 768 oum
320 705 455 768 eandem
478 704 640 784 praebeat
662 702 784 767 Nonius
806 722 836 784 p.
860 703 980 788 307,l),
1003 705 1141 784 facesset
1163 709 1198 767 at
1221 704 1288 769 AB.
1330 705 1403 788 41,3

223 811 315 874 sileat
342 811 383 892 H,
410 811 525 875 sileant
547 811 616 875 AB.
670 811 744 892 41,4
775 810 930 893 settertte
957 810 998 892 H,
1027 829 1110 889 qnae
1138 810 1234 875 leotio
1263 831 1303 876 ex
1331 831 1403 893 pro·

223 916 430 982 nuntiatione
465 923 515 981 est
547 916 740 998 explicanda
769 916 822 1000 (ef.
847 935 946 998 supra
974 938 1003 998 p.
1028 916 1073 1001 8),
1105 917 1180 981 seito
1208 918 1276 982 AB.
1330 919 1404 1002 41,5

222 1025 367 1088 videatur
382 1025 423 1105 H,
446 1024 624 1088 sisterentur
646 1024 715 1088 AB.
751 1023 825 1106 41,6
836 1024 967 1104 plaeere
992 1024 1033 1105 H,
1044 1024 1169 1104 plaeere
1187 1024 1255 1089 AB.
1279 1025 1355 1102 41,7
1373 1032 1406 1088 at

224 1131 266 1212 H,
291 1131 333 1200 ud
356 1131 423 1194 AB.
467 1131 540 1211 423
565 1151 668 1194 arcere
692 1130 732 1212 H,
756 1135 872 1193 arceret
890 1130 948 1194 AB
974 1129 1136 1214 (sequitur
1158 1130 1298 1215 deberet).
1329 1132 1403 1214 424

225 1238 348 1303 sublato
376 1237 417 1319 H,
445 1237 587 1300 sublato*
615 1240 653 1319 A,
681 1237 821 1300 sirbtntos
845 1238 881 1318 B,
910 1239 995 1301 unde
1023 1241 1161 1318 apparet
1189 1236 1289 1302 etiam
1316 1237 1350 1301 in
1374 1240 1404 1302 A

226 1344 366 1410 srrbtotos
391 1349 467 1407 ante
486 1361 633 1408 rasuram
653 1342 761 1408 fuisse.
804 1344 954 1408 Ceterum
978 1343 1074 1408 leetio
1098 1343 1252 1425 eodieisy
1271 1363 1307 1408 eo
1331 1349 1404 1408 orte

227 1452 391 1536 estquod
407 1449 572 1514 antecedit
587 1451 705 1531 impios.
745 1450 819 1532 425
835 1472 921 1514 ramo
942 1451 983 1532 H,
1006 1472 1056 1514 are
1073 1451 1140 1515 AB.
1184 1451 1258 1532 42,7
1278 1451 1405 1532 teperet

226 1556 268 1638 H,
293 1557 410 1639 strepere
433 1558 499 1621 AB.
538 1557 610 1630 43,5
628 1557 722 1638 fiir-iet
746 1558 773 1620 is
798 1557 838 1638 H,
861 1558 983 1639 facietis
1007 1557 1075 1621 AB.
1116 1557 1405 1640 depompatur

227 1663 269 1746 H,
289 1665 508 1743 contrectentur
524 1664 592 1728 AB.
630 1664 704 1746 43,9
720 1663 840 1726 irroobr‘t
857 1664 897 1745 H,
916 1664 1035 1727 tutata
1055 1665 1122 1727 AB.
1162 1665 1259 1746 43,10
1279 1665 1405 1728 deducet

227 1770 256 1832 is
279 1769 319 1851 H,
348 1769 469 1833 dedrree't
490 1771 519 1833 is
541 1771 571 1833 A
596 1770 633 1853 (z
649 1771 692 1854 y),
720 1771 870 1834 deducitis
893 1771 929 1834 B.
976 1770 1072 1852 43,1o
1093 1771 1224 1835 atterius
1248 1771 1288 1851 H,
1313 1771 1404 1834 aliter

226 1876 275 1938 irre
293 1875 361 1940 AB.
409 1877 482 1958 442
505 1877 628 1958 trepabit
651 1878 691 1958 H,
717 1878 836 1960 aepooit
854 1877 922 1941 AB.
961 1877 1034 1960 44,3
1059 1877 1238 1942 ablatarum
1254 1878 1294 1959 H,
1319 1878 1404 1942 oblo-

222 1988 326 2046 tarrna
354 1982 422 2048 AB.
466 1983 514 2046 Ne
544 1984 630 2048 hane
662 1983 790 2063 quidem
817 1983 989 2048 Heinsiani
1019 1983 1190 2048 lectionem
1217 1983 1403 2048 coniectura

222 2087 392 2174 inventam
413 2108 481 2154 esse
500 2093 646 2172 concedo,
670 2093 726 2154 sed
745 2092 845 2155 multo
864 2089 1072 2157 verisimilius
1091 2089 1160 2154 nihi
1179 2089 1311 2156 videtur
1334 2109 1403 2155 esse

223 2213 336 2262 veram
352 2195 548 2276 scripturam
563 2197 598 2260 in
613 2217 634 2260 x
651 2196 807 2279 extitisse,
831 2197 972 2262 scribam
988 2202 1098 2262 autem
1114 2196 1231 2261 codicis
1254 2217 1285 2280 y,
1309 2217 1403 2277 quem

224 2301 356 2383 linguae
385 2301 509 2367 latinae
536 2303 668 2368 minime
698 2302 838 2385 peritum
866 2304 967 2368 tuisse
995 2309 1045 2368 tot
1069 2322 1203 2385 errores
1232 2322 1311 2384 quos
1337 2303 1403 2368 iarn

229 2408 334 2491 attuli,
357 2411 587 2492 demonstrant,
607 2412 737 2477 vocales
761 2433 781 2474 a
805 2415 838 2474 et
862 2433 879 2474 o
902 2414 1112 2491 permutasse,
1141 2409 1230 2474 euius
1249 2409 1403 2475 vitiorum

226 2515 355 2596 generis
378 2516 477 2580 etiam
492 2516 526 2580 in
545 2517 577 2580 H
600 2519 754 2582 nonnulla
779 2522 895 2581 extant
918 2518 1066 2597 exempla
1090 2515 1143 2600 (ei.
1160 2537 1189 2598 p.
1208 2515 1286 2601 10²⁸)
1328 2517 1402 2599 44,3

225 2623 345 2704 rtepedr't
367 2623 407 2704 H,
431 2623 555 2705 peperit
577 2625 644 2688 AB.
691 2623 765 2706 44,3
784 2625 818 2689 id
841 2630 957 2688 aeterra
980 2625 1021 2706 H,
1046 2625 1195 2688 intraturo
1219 2623 1286 2688 AB.
1328 2623 1402 2706 44,4

224 2733 341 2792 aretaat
364 2730 404 2812 H,
428 2736 548 2794 metune
571 2731 601 2793 A
626 2729 664 2814 (z
686 2730 732 2814 y),
762 2738 844 2794 meta
873 2752 910 2794 oe
933 2732 970 2797 B.
1018 2752 1040 2813 y
1069 2731 1173 2813 igitur
1202 2730 1404 2813 permutavit

225 2841 437 2900 consonantes
465 2841 580 2901 tete.
626 2838 698 2919 dep
716 2858 795 2918 qaae
824 2839 900 2920 depes
927 2839 1073 2921 statjqae
1101 2839 1215 2919 (om.,)
1243 2834 1405 2924 telpessr'at

225 2943 266 3021 H,
296 2963 375 3023 quoe
399 2943 542 3025 tepisseat
563 2943 602 3025 A,
630 2944 684 3024 qai
709 2945 849 3026 tepissr'at
871 2946 907 3008 B.
953 2964 975 3025 y
1003 2944 1135 3011 videtur
1162 2964 1240 3024 qaae
1263 2943 1405 3024 tepissr'at

227 3047 384 3114 habuisse.
436 3050 509 3131 452
531 3051 577 3115 tut
605 3051 726 3114 athenis
749 3051 790 3132 H,
819 3051 976 3116 ittotteats
1000 3051 1068 3133 AB,
1097 3068 1181 3130 quae
1203 3048 1300 3113 lectio
1323 3048 1358 3113 in
1381 3070 1403 3131 y

227 3154 356 3220 elisione
373 3161 445 3220 orta
462 3161 519 3220 est.
540 3157 614 3238 45,4
630 3157 832 3240 tastoeJirrste
844 3158 885 3240 H,
897 3159 982 3222 triste
992 3158 1060 3222 AB.
1084 3158 1157 3239 45‚5
1168 3161 1351 3220 traderentur
1361 3157 1402 3239 H,

225 3262 443 3326 haberereatar
450 3264 517 3328 AB.
533 3263 605 3346 453
611 3264 736 3347 posset]
735 3265 852 3344 possed
861 3265 901 3346 H,
911 3265 1016 3345 possit
1023 3265 1090 3330 AB.
1104 3264 1175 3346 46,1
1187 3265 1311 3347 ipaorat
1323 3263 1352 3326 r's
1361 3264 1402 3346 H,

224 3369 376 3451 teneretis
398 3371 465 3434 AB.
506 3370 579 3452 46,4
599 3371 750 3434 irretiendo
770 3371 810 3453 H,
834 3372 1004 3435 mentiendo
1023 3373 1090 3436 ΑΒ.
1130 3369 1402 3455 (inte1·pol.)46,5

219 3477 334 3556 poterit
352 3477 381 3540 is
398 3476 438 3559 H,
450 3477 594 3557 poteritis
611 3477 678 3541 AB.
713 3477 786 3559 46,e
801 3479 925 3558 putabit
940 3479 981 3559 H,
997 3479 1122 3558 putauit
1138 3479 1205 3542 AB.
1238 3477 1310 3558 47,1
1329 3478 1403 3542 tibe-

223 3583 337 3646 ralitos
353 3584 406 3646 abi
422 3584 462 3665 H,
482 3583 604 3648 literali
617 3585 671 3648 abi
681 3584 748 3648 AB.
773 3585 847 3666 47,3
860 3585 935 3664 qaia
947 3591 1063 3648 notare
1078 3585 1118 3666 H,
1138 3585 1191 3664 qai
1206 3587 1322 3646 reaturo
1334 3583 1401 3648 AB.

223 3689 331 3771 Igitur
346 3695 469 3754 rectam
484 3689 655 3755 lectionem
672 3691 770 3755 etiam
781 3691 827 3756 H¹
841 3692 986 3755 habebat
998 3696 1083 3756 teste
1093 3687 1285 3754 Schwenkio
1297 3707 1402 3770 neque

227 3795 482 3884 ,deterioribus“
509 3816 581 3862 mss.
605 3799 664 3862 hoe
687 3798 755 3862 loeo
782 3816 860 3878 opus
884 3803 964 3862 erat.
1011 3797 1084 3880 47,7
1104 3817 1167 3860 ooo
1190 3796 1231 3880 H,
1260 3815 1310 3862 om
1334 3797 1401 3862 AB.

224 3903 383 3983 Equidem
406 3903 485 3968 mihi
507 3904 654 3986 persuasi
679 3905 777 3968 etiam
801 3905 861 3968 hoo
883 3906 951 3968 loeo
970 3925 1033 3967 aea
1051 3903 1086 3968 in
1105 3905 1283 3986 archetypo
1302 3903 1402 3969 fuisse

224 4017 257 4075 et
281 4031 300 4075 a
323 4010 458 4076 librario
483 4010 599 4076 codicis
618 4031 640 4092 y
659 4011 809 4077 omissum
829 4030 906 4076 esse.
945 4011 1019 4093 47,8
1040 4032 1109 4076 enar
1127 4012 1182 4075 deo
1198 4012 1239 4093 H,
1263 4031 1323 4091 qno
1346 4011 1401 4074 deo

223 4121 261 4200 Α,
280 4119 456 4198 qaodeesB
476 4122 504 4200 (s
522 4118 557 4182 in
576 4117 639 4182 fine
659 4118 752 4184 verbi
772 4138 812 4183 ex
831 4119 979 4200 sequenti
998 4118 1226 4184 eoasereoades
1246 4121 1318 4181 orta
1338 4121 1400 4197 est3

312 4277 335 4346 *J
354 4278 406 4332 Sed
424 4277 536 4331 edoctus
555 4293 571 4330 a
590 4277 647 4330 viro
667 4278 829 4345 doctissimo,
849 4277 947 4344 Bittio,
967 4278 1080 4332 concedo
1100 4294 1159 4330 eam
1177 4275 1206 4329 in
1219 4275 1365 4343 archetypo
1383 4293 1402 4328 x

222 4365 342 4432 potuisse
354 4373 447 4420 extare
461 4368 627 4433 oblaturum
646 4367 768 4422 solebant
781 4367 853 4420 enim
866 4367 982 4422 seribere
995 4366 1102 4433 antiqui
1115 4365 1216 4420 oblatio
1228 4380 1275 4432 pro
1289 4365 1402 4430 oblatio,

224 4453 332 4524 similia,
352 4455 385 4509 cf.
406 4455 478 4509 Birti
497 4456 710 4523 disputationem
729 4457 746 4508 l.
767 4457 784 4510 l.
804 4473 829 4523 p.
850 4458 893 4511 67.
