<?xml version="1.0" encoding="UTF-8"?>
<!DOCTYPE html PUBLIC "-//W3C//DTD XHTML 1.0 Transitional//EN"
    "http://www.w3.org/TR/xhtml1/DTD/xhtml1-transitional.dtd">
<html xmlns="http://www.w3.org/1999/xhtml" xml:lang="en" lang="en">
 <head>
  <title>
</title>
<meta http-equiv="Content-Type" content="text/html;charset=utf-8" />
  <meta name='ocr-system' content='tesseract 3.04.00' />
  <meta name='ocr-capabilities' content='ocr_page ocr_carea ocr_par ocr_line ocrx_word'/>
</head>
<body>
  <div class='ocr_page' id='page_1' title='image "./deciceronislibr00schrgoog_0017.png"; bbox 0 0 3404 5050; ppageno 0'>
   <div class='ocr_carea' id='block_1_1' title="bbox 741 383 962 446">
    <p class='ocr_par' dir='ltr' id='par_1_1' title="bbox 741 383 962 446">
     <span class='ocr_line' id='line_1_1' title="bbox 741 383 962 446; baseline 0 -18"><span class='ocrx_word' id='word_1_1' title='bbox 741 383 962 446; x_wconf 75' lang='lat'><strong>...12-</strong></span> 
     </span>
    </p>
   </div>
   <div class='ocr_carea' id='block_1_2' title="bbox 265 577 1438 2476">
    <p class='ocr_par' dir='ltr' id='par_1_2' title="bbox 355 577 981 660">
     <span class='ocr_line' id='line_1_2' title="bbox 355 577 981 660; baseline -0.002 -17"><span class='ocrx_word' id='word_1_2' title='bbox 355 580 456 643; x_wconf 87' lang='lat' dir='ltr'>Porro</span> <span class='ocrx_word' id='word_1_3' title='bbox 480 597 520 643; x_wconf 84' lang='lat' dir='ltr'>ex</span> <span class='ocrx_word' id='word_1_4' title='bbox 544 577 766 660; x_wconf 85' lang='lat' dir='ltr'>dittographia</span> <span class='ocrx_word' id='word_1_5' title='bbox 789 583 868 642; x_wconf 89' lang='lat' dir='ltr'>nata</span> <span class='ocrx_word' id='word_1_6' title='bbox 892 582 981 642; x_wconf 92' lang='lat' dir='ltr'>sunt:</span> 
     </span>
    </p>

    <p class='ocr_par' dir='ltr' id='par_1_3' title="bbox 266 683 1435 982">
     <span class='ocr_line' id='line_1_3' title="bbox 355 683 1435 768; baseline -0.003 -19"><span class='ocrx_word' id='word_1_7' title='bbox 355 706 384 766; x_wconf 88' lang='lat' dir='ltr'>p.</span> <span class='ocrx_word' id='word_1_8' title='bbox 399 685 470 768; x_wconf 84' lang='lat'><strong>10,6</strong></span> <span class='ocrx_word' id='word_1_9' title='bbox 484 690 643 765; x_wconf 85' lang='lat' dir='ltr'>praeterea</span> <span class='ocrx_word' id='word_1_10' title='bbox 658 685 727 768; x_wconf 90' lang='lat' dir='ltr'>AB,</span> <span class='ocrx_word' id='word_1_11' title='bbox 744 690 950 766; x_wconf 85' lang='lat' dir='ltr'>praepraetea</span> <span class='ocrx_word' id='word_1_12' title='bbox 966 685 1006 748; x_wconf 92' lang='lat' dir='ltr'>H.</span> <span class='ocrx_word' id='word_1_13' title='bbox 1039 683 1111 766; x_wconf 85' lang='grc'>67,8</span> <span class='ocrx_word' id='word_1_14' title='bbox 1129 703 1281 764; x_wconf 84' lang='lat' dir='ltr'>quamque</span> <span class='ocrx_word' id='word_1_15' title='bbox 1296 703 1360 746; x_wconf 77' lang='lat' dir='ltr'>rein</span> <span class='ocrx_word' id='word_1_16' title='bbox 1375 683 1435 746; x_wconf 85' lang='lat' dir='ltr'>AB</span> 
     </span>
     <span class='ocr_line' id='line_1_4' title="bbox 266 790 1435 878; baseline 0 -24"><span class='ocrx_word' id='word_1_17' title='bbox 266 793 439 874; x_wconf 79' lang='lat' dir='ltr'>(quamque</span> <span class='ocrx_word' id='word_1_18' title='bbox 453 813 517 856; x_wconf 77' lang='lat' dir='ltr'>rein</span> <span class='ocrx_word' id='word_1_19' title='bbox 529 792 583 878; x_wconf 76' lang='lat' dir='ltr'>A),</span> <span class='ocrx_word' id='word_1_20' title='bbox 598 813 751 873; x_wconf 80' lang='lat' dir='ltr'>quamque</span> <span class='ocrx_word' id='word_1_21' title='bbox 766 812 888 873; x_wconf 78' lang='lat' dir='ltr'>quercu</span> <span class='ocrx_word' id='word_1_22' title='bbox 900 793 941 856; x_wconf 87' lang='lat' dir='ltr'>H.</span> <span class='ocrx_word' id='word_1_23' title='bbox 980 790 1073 873; x_wconf 59' lang='lat'>1523</span> <span class='ocrx_word' id='word_1_24' title='bbox 1090 795 1169 854; x_wconf 86' lang='lat' dir='ltr'>uetat</span> <span class='ocrx_word' id='word_1_25' title='bbox 1184 790 1251 873; x_wconf 87' lang='lat' dir='ltr'>AB,</span> <span class='ocrx_word' id='word_1_26' title='bbox 1267 794 1381 854; x_wconf 87' lang='lat' dir='ltr'>uetutat</span> <span class='ocrx_word' id='word_1_27' title='bbox 1395 791 1435 854; x_wconf 92' lang='lat' dir='ltr'>H.</span> 
     </span>
     <span class='ocr_line' id='line_1_5' title="bbox 269 898 855 982; baseline 0.002 -21"><span class='ocrx_word' id='word_1_28' title='bbox 269 898 364 980; x_wconf 63' lang='lat' dir='ltr'>teon</span> <span class='ocrx_word' id='word_1_29' title='bbox 387 899 499 979; x_wconf 85' lang='lat' dir='ltr'>otiique</span> <span class='ocrx_word' id='word_1_30' title='bbox 522 900 590 982; x_wconf 87' lang='lat' dir='ltr'>AB,</span> <span class='ocrx_word' id='word_1_31' title='bbox 614 901 791 980; x_wconf 84' lang='lat' dir='ltr'>obltqneque</span> <span class='ocrx_word' id='word_1_32' title='bbox 814 899 855 962; x_wconf 90' lang='lat' dir='ltr'>H.</span> 
     </span>
    </p>

    <p class='ocr_par' dir='ltr' id='par_1_4' title="bbox 266 1002 1435 1300">
     <span class='ocr_line' id='line_1_6' title="bbox 355 1002 1435 1087; baseline 0 -19"><span class='ocrx_word' id='word_1_33' title='bbox 355 1005 495 1070; x_wconf 80' lang='lat' dir='ltr'>Restant</span> <span class='ocrx_word' id='word_1_34' title='bbox 518 1006 655 1086; x_wconf 90' lang='lat' dir='ltr'>denique</span> <span class='ocrx_word' id='word_1_35' title='bbox 678 1007 840 1087; x_wconf 90' lang='lat' dir='ltr'>permulta</span> <span class='ocrx_word' id='word_1_36' title='bbox 855 1009 990 1086; x_wconf 87' lang='lat' dir='ltr'>peecata</span> <span class='ocrx_word' id='word_1_37' title='bbox 1013 1003 1153 1068; x_wconf 83' lang='lat' dir='ltr'>maxima</span> <span class='ocrx_word' id='word_1_38' title='bbox 1176 1002 1304 1068; x_wconf 89' lang='lat' dir='ltr'>librarii</span> <span class='ocrx_word' id='word_1_39' title='bbox 1327 1003 1435 1085; x_wconf 84' lang='lat' dir='ltr'>negle-</span> 
     </span>
     <span class='ocr_line' id='line_1_7' title="bbox 266 1110 1435 1193; baseline 0 -19"><span class='ocrx_word' id='word_1_40' title='bbox 266 1111 379 1193; x_wconf 84' lang='lat' dir='ltr'>gentia</span> <span class='ocrx_word' id='word_1_41' title='bbox 400 1117 487 1192; x_wconf 87' lang='lat' dir='ltr'>orta;</span> <span class='ocrx_word' id='word_1_42' title='bbox 511 1118 610 1193; x_wconf 89' lang='lat' dir='ltr'>atque</span> <span class='ocrx_word' id='word_1_43' title='bbox 633 1132 696 1176; x_wconf 92' lang='lat' dir='ltr'>uon</span> <span class='ocrx_word' id='word_1_44' title='bbox 720 1131 824 1193; x_wconf 88' lang='lat' dir='ltr'>pauca</span> <span class='ocrx_word' id='word_1_45' title='bbox 848 1130 885 1176; x_wconf 89' lang='lat' dir='ltr'>eo</span> <span class='ocrx_word' id='word_1_46' title='bbox 901 1115 981 1176; x_wconf 92' lang='lat' dir='ltr'>nata</span> <span class='ocrx_word' id='word_1_47' title='bbox 997 1115 1080 1193; x_wconf 91' lang='lat' dir='ltr'>sunt,</span> <span class='ocrx_word' id='word_1_48' title='bbox 1104 1112 1188 1192; x_wconf 94' lang='lat' dir='ltr'>quod</span> <span class='ocrx_word' id='word_1_49' title='bbox 1211 1110 1318 1174; x_wconf 89' lang='lat' dir='ltr'>scriba</span> <span class='ocrx_word' id='word_1_50' title='bbox 1342 1112 1435 1175; x_wconf 89' lang='lat' dir='ltr'>aber-</span> 
     </span>
     <span class='ocr_line' id='line_1_8' title="bbox 267 1218 966 1300; baseline 0.001 -18"><span class='ocrx_word' id='word_1_51' title='bbox 267 1218 356 1285; x_wconf 87' lang='lat' dir='ltr'>ravit</span> <span class='ocrx_word' id='word_1_52' title='bbox 379 1221 421 1283; x_wconf 88' lang='lat' dir='ltr'>ad</span> <span class='ocrx_word' id='word_1_53' title='bbox 444 1219 585 1286; x_wconf 88' lang='lat' dir='ltr'>vicinum</span> <span class='ocrx_word' id='word_1_54' title='bbox 609 1219 738 1300; x_wconf 82' lang='lat' dir='ltr'>aliquod</span> <span class='ocrx_word' id='word_1_55' title='bbox 761 1221 966 1285; x_wconf 81' lang='lat' dir='ltr'>uocabulum:</span> 
     </span>
    </p>

    <p class='ocr_par' dir='ltr' id='par_1_5' title="bbox 265 1324 1438 2476">
     <span class='ocr_line' id='line_1_9' title="bbox 355 1324 1437 1411; baseline -0.003 -21"><span class='ocrx_word' id='word_1_56' title='bbox 355 1347 385 1407; x_wconf 94' lang='lat' dir='ltr'>p.</span> <span class='ocrx_word' id='word_1_57' title='bbox 402 1327 453 1408; x_wconf 88' lang='grc'>4,4</span> <span class='ocrx_word' id='word_1_58' title='bbox 478 1332 613 1391; x_wconf 72' lang='lat' dir='ltr'>canescet</span> <span class='ocrx_word' id='word_1_59' title='bbox 627 1327 687 1391; x_wconf 87' lang='lat' dir='ltr'>AB</span> <span class='ocrx_word' id='word_1_60' title='bbox 710 1325 812 1409; x_wconf 83' lang='lat' dir='ltr'>(canas</span> <span class='ocrx_word' id='word_1_61' title='bbox 838 1332 888 1408; x_wconf 91' lang='lat' dir='ltr'>cet,</span> <span class='ocrx_word' id='word_1_62' title='bbox 913 1346 928 1389; x_wconf 95' lang='lat' dir='ltr'>c</span> <span class='ocrx_word' id='word_1_63' title='bbox 949 1345 989 1390; x_wconf 94' lang='lat' dir='ltr'>m.</span> <span class='ocrx_word' id='word_1_64' title='bbox 1006 1325 1025 1388; x_wconf 84' lang='lat'>2</span> <span class='ocrx_word' id='word_1_65' title='bbox 1041 1324 1095 1411; x_wconf 79' lang='lat' dir='ltr'>A),</span> <span class='ocrx_word' id='word_1_66' title='bbox 1119 1345 1187 1389; x_wconf 89' lang='lat' dir='ltr'>eene</span> <span class='ocrx_word' id='word_1_67' title='bbox 1209 1330 1271 1388; x_wconf 89' lang='lat' dir='ltr'>seet</span> <span class='ocrx_word' id='word_1_68' title='bbox 1285 1325 1325 1390; x_wconf 91' lang='lat' dir='ltr'>H.</span> <span class='ocrx_word' id='word_1_69' title='bbox 1363 1324 1437 1407; x_wconf 78' lang='lat'><strong>5,14</strong></span> 
     </span>
     <span class='ocr_line' id='line_1_10' title="bbox 267 1430 1438 1517; baseline 0 -23"><span class='ocrx_word' id='word_1_70' title='bbox 267 1432 331 1495; x_wconf 91' lang='lat' dir='ltr'>sint</span> <span class='ocrx_word' id='word_1_71' title='bbox 345 1433 414 1514; x_wconf 82' lang='lat' dir='ltr'>AB,</span> <span class='ocrx_word' id='word_1_72' title='bbox 437 1438 511 1497; x_wconf 88' lang='lat' dir='ltr'>sunt</span> <span class='ocrx_word' id='word_1_73' title='bbox 525 1435 566 1498; x_wconf 87' lang='lat' dir='ltr'><strong>H.</strong></span> <span class='ocrx_word' id='word_1_74' title='bbox 612 1433 685 1517; x_wconf 86' lang='lat' dir='ltr'>c,10</span> <span class='ocrx_word' id='word_1_75' title='bbox 709 1435 885 1515; x_wconf 80' lang='lat' dir='ltr'>referantur</span> <span class='ocrx_word' id='word_1_76' title='bbox 899 1433 968 1515; x_wconf 89' lang='lat' dir='ltr'>AB,</span> <span class='ocrx_word' id='word_1_77' title='bbox 992 1433 1184 1514; x_wconf 79' lang='lat' dir='ltr'>resferantur</span> <span class='ocrx_word' id='word_1_78' title='bbox 1198 1433 1238 1496; x_wconf 93' lang='lat' dir='ltr'>H.</span> <span class='ocrx_word' id='word_1_79' title='bbox 1284 1430 1438 1496; x_wconf 78' lang='lat' dir='ltr'><strong>Forsitan</strong></span> 
     </span>
     <span class='ocr_line' id='line_1_11' title="bbox 268 1537 1438 1622; baseline 0 -21"><span class='ocrx_word' id='word_1_80' title='bbox 268 1537 462 1619; x_wconf 70' lang='lat' dir='ltr'>cogitasses</span> <span class='ocrx_word' id='word_1_81' title='bbox 493 1541 671 1622; x_wconf 78' lang='lat' dir='ltr'>referantur</span> <span class='ocrx_word' id='word_1_82' title='bbox 697 1540 731 1605; x_wconf 94' lang='lat' dir='ltr'>in</span> <span class='ocrx_word' id='word_1_83' title='bbox 758 1545 884 1604; x_wconf 82' lang='lat' dir='ltr'>textum</span> <span class='ocrx_word' id='word_1_84' title='bbox 912 1538 1130 1620; x_wconf 88' lang='lat' dir='ltr'>recipiendum</span> <span class='ocrx_word' id='word_1_85' title='bbox 1159 1557 1236 1621; x_wconf 91' lang='lat' dir='ltr'>esse,</span> <span class='ocrx_word' id='word_1_86' title='bbox 1268 1540 1352 1618; x_wconf 93' lang='lat' dir='ltr'>quod</span> <span class='ocrx_word' id='word_1_87' title='bbox 1379 1539 1438 1601; x_wconf 89' lang='lat' dir='ltr'>hoc</span> 
     </span>
     <span class='ocr_line' id='line_1_12' title="bbox 267 1644 1438 1731; baseline -0.002 -23"><span class='ocrx_word' id='word_1_88' title='bbox 267 1644 337 1709; x_wconf 93' lang='lat' dir='ltr'>loco</span> <span class='ocrx_word' id='word_1_89' title='bbox 364 1664 427 1710; x_wconf 93' lang='lat' dir='ltr'>non</span> <span class='ocrx_word' id='word_1_90' title='bbox 450 1645 595 1728; x_wconf 92' lang='lat' dir='ltr'>ineptum</span> <span class='ocrx_word' id='word_1_91' title='bbox 618 1647 669 1731; x_wconf 91' lang='lat' dir='ltr'>sit,</span> <span class='ocrx_word' id='word_1_92' title='bbox 698 1649 753 1712; x_wconf 92' lang='lat' dir='ltr'>sed</span> <span class='ocrx_word' id='word_1_93' title='bbox 781 1652 914 1728; x_wconf 92' lang='lat' dir='ltr'>propter</span> <span class='ocrx_word' id='word_1_94' title='bbox 941 1649 1128 1726; x_wconf 79' lang='lat' dir='ltr'>sequentem</span> <span class='ocrx_word' id='word_1_95' title='bbox 1155 1664 1266 1712; x_wconf 87' lang='lat' dir='ltr'>vocem</span> <span class='ocrx_word' id='word_1_96' title='bbox 1287 1645 1438 1726; x_wconf 84' lang='lat' dir='ltr'>pleraque</span> 
     </span>
     <span class='ocr_line' id='line_1_13' title="bbox 268 1750 1437 1836; baseline -0.001 -21"><span class='ocrx_word' id='word_1_97' title='bbox 268 1753 610 1834; x_wconf 80' lang='lat' dir='ltr'>puto-praeferendum</span> <span class='ocrx_word' id='word_1_98' title='bbox 626 1773 695 1819; x_wconf 88' lang='lat' dir='ltr'>esse</span> <span class='ocrx_word' id='word_1_99' title='bbox 711 1755 904 1821; x_wconf 87' lang='lat' dir='ltr'>vocabulum</span> <span class='ocrx_word' id='word_1_100' title='bbox 919 1754 1033 1836; x_wconf 86' lang='lat' dir='ltr'>cunia,</span> <span class='ocrx_word' id='word_1_101' title='bbox 1057 1754 1141 1832; x_wconf 93' lang='lat' dir='ltr'>quod</span> <span class='ocrx_word' id='word_1_102' title='bbox 1164 1751 1290 1816; x_wconf 89' lang='lat' dir='ltr'>addidit</span> <span class='ocrx_word' id='word_1_103' title='bbox 1305 1750 1437 1816; x_wconf 82' lang='lat' dir='ltr'>Ernesti</span> 
     </span>
     <span class='ocr_line' id='line_1_14' title="bbox 269 1857 1438 1942; baseline 0.001 -22"><span class='ocrx_word' id='word_1_104' title='bbox 269 1861 302 1920; x_wconf 92' lang='lat' dir='ltr'>et</span> <span class='ocrx_word' id='word_1_105' title='bbox 331 1857 365 1923; x_wconf 94' lang='lat' dir='ltr'>in</span> <span class='ocrx_word' id='word_1_106' title='bbox 394 1864 489 1925; x_wconf 83' lang='lat' dir='ltr'>textu</span> <span class='ocrx_word' id='word_1_107' title='bbox 516 1860 622 1941; x_wconf 85' lang='lat' dir='ltr'>posuit</span> <span class='ocrx_word' id='word_1_108' title='bbox 646 1863 819 1926; x_wconf 85' lang='lat' dir='ltr'>Vahlenus</span> <span class='ocrx_word' id='word_1_109' title='bbox 865 1881 915 1924; x_wconf 79' lang='lat' dir='ltr'>ces</span> <span class='ocrx_word' id='word_1_110' title='bbox 937 1861 1018 1942; x_wconf 76' lang='lat' dir='ltr'>ferre</span> <span class='ocrx_word' id='word_1_111' title='bbox 1041 1864 1150 1924; x_wconf 91' lang='lat' dir='ltr'>autem</span> <span class='ocrx_word' id='word_1_112' title='bbox 1173 1858 1302 1940; x_wconf 90' lang='lat' dir='ltr'>saepius</span> <span class='ocrx_word' id='word_1_113' title='bbox 1325 1857 1438 1923; x_wconf 84' lang='lat' dir='ltr'>scribit</span> 
     </span>
     <span class='ocr_line' id='line_1_15' title="bbox 267 1963 1438 2050; baseline 0.001 -23"><span class='ocrx_word' id='word_1_114' title='bbox 267 1963 421 2030; x_wconf 89' lang='lat' dir='ltr'>librarius</span> <span class='ocrx_word' id='word_1_115' title='bbox 444 1967 615 2032; x_wconf 91' lang='lat' dir='ltr'>Heinsiani</span> <span class='ocrx_word' id='word_1_116' title='bbox 638 1987 696 2050; x_wconf 91' lang='lat' dir='ltr'>pro</span> <span class='ocrx_word' id='word_1_117' title='bbox 719 1970 842 2050; x_wconf 73' lang='lat' dir='ltr'>referre,</span> <span class='ocrx_word' id='word_1_118' title='bbox 867 1968 906 2032; x_wconf 86' lang='lat' dir='ltr'>ci.</span> <span class='ocrx_word' id='word_1_119' title='bbox 925 1988 954 2048; x_wconf 93' lang='lat' dir='ltr'>p.</span> <span class='ocrx_word' id='word_1_120' title='bbox 974 1967 1056 2050; x_wconf 86' lang='lat'><strong>54,4,</strong></span> <span class='ocrx_word' id='word_1_121' title='bbox 1080 1966 1179 2032; x_wconf 92' lang='lat' dir='ltr'>ubiB</span> <span class='ocrx_word' id='word_1_122' title='bbox 1202 1967 1303 2031; x_wconf 89' lang='lat' dir='ltr'>habet</span> <span class='ocrx_word' id='word_1_123' title='bbox 1326 1983 1438 2032; x_wconf 89' lang='lat' dir='ltr'>veram</span> 
     </span>
     <span class='ocr_line' id='line_1_16' title="bbox 267 2071 1438 2158; baseline 0 -23"><span class='ocrx_word' id='word_1_124' title='bbox 267 2071 438 2138; x_wconf 84' lang='lat' dir='ltr'>lectionem</span> <span class='ocrx_word' id='word_1_125' title='bbox 470 2075 541 2154; x_wconf 88' lang='lat' dir='ltr'>quoi</span> <span class='ocrx_word' id='word_1_126' title='bbox 568 2076 706 2156; x_wconf 75' lang='lat' dir='ltr'>referunt</span> <span class='ocrx_word' id='word_1_127' title='bbox 731 2075 867 2157; x_wconf 75' lang='lat' dir='ltr'>quatiant</span> <span class='ocrx_word' id='word_1_128' title='bbox 900 2073 1011 2158; x_wconf 87' lang='lat' dir='ltr'>(quam</span> <span class='ocrx_word' id='word_1_129' title='bbox 1039 2073 1145 2138; x_wconf 90' lang='lat' dir='ltr'>omisit</span> <span class='ocrx_word' id='word_1_130' title='bbox 1167 2071 1236 2158; x_wconf 61' lang='lat' dir='ltr'>Al),</span> <span class='ocrx_word' id='word_1_131' title='bbox 1264 2073 1296 2136; x_wconf 92' lang='lat' dir='ltr'><strong>H</strong></span> <span class='ocrx_word' id='word_1_132' title='bbox 1324 2077 1438 2136; x_wconf 88' lang='lat' dir='ltr'>contra</span> 
     </span>
     <span class='ocr_line' id='line_1_17' title="bbox 268 2180 1437 2264; baseline 0.001 -23"><span class='ocrx_word' id='word_1_133' title='bbox 268 2180 405 2258; x_wconf 88' lang='lat' dir='ltr'>praebet</span> <span class='ocrx_word' id='word_1_134' title='bbox 421 2181 474 2261; x_wconf 87' lang='lat' dir='ltr'>qni</span> <span class='ocrx_word' id='word_1_135' title='bbox 489 2202 539 2245; x_wconf 81' lang='lat' dir='ltr'>res</span> <span class='ocrx_word' id='word_1_136' title='bbox 554 2183 659 2263; x_wconf 72' lang='lat' dir='ltr'>ferient</span> <span class='ocrx_word' id='word_1_137' title='bbox 671 2183 784 2264; x_wconf 77' lang='lat' dir='ltr'>pratia,</span> <span class='ocrx_word' id='word_1_138' title='bbox 800 2181 945 2262; x_wconf 88' lang='lat' dir='ltr'>ineptam</span> <span class='ocrx_word' id='word_1_139' title='bbox 961 2180 1252 2262; x_wconf 84' lang='lat' dir='ltr'>interpolationem,</span> <span class='ocrx_word' id='word_1_140' title='bbox 1269 2184 1303 2244; x_wconf 93' lang='lat' dir='ltr'>et</span> <span class='ocrx_word' id='word_1_141' title='bbox 1318 2201 1347 2260; x_wconf 89' lang='lat' dir='ltr'>p.</span> <span class='ocrx_word' id='word_1_142' title='bbox 1365 2180 1437 2260; x_wconf 82' lang='lat'><strong>71,5</strong></span> 
     </span>
     <span class='ocr_line' id='line_1_18' title="bbox 268 2286 1438 2374; baseline 0.002 -27"><span class='ocrx_word' id='word_1_143' title='bbox 268 2306 316 2348; x_wconf 79' lang='lat' dir='ltr'>ces</span> <span class='ocrx_word' id='word_1_144' title='bbox 338 2286 460 2367; x_wconf 75' lang='lat' dir='ltr'>ferebas</span> <span class='ocrx_word' id='word_1_145' title='bbox 480 2288 512 2352; x_wconf 93' lang='lat' dir='ltr'><strong>H</strong></span> <span class='ocrx_word' id='word_1_146' title='bbox 534 2288 706 2371; x_wconf 79' lang='lat' dir='ltr'>(referebas</span> <span class='ocrx_word' id='word_1_147' title='bbox 721 2288 805 2374; x_wconf 85' lang='lat' dir='ltr'><strong>AB).</strong></span> <span class='ocrx_word' id='word_1_148' title='bbox 853 2288 905 2370; x_wconf 84' lang='grc'>9,4</span> <span class='ocrx_word' id='word_1_149' title='bbox 930 2288 1101 2353; x_wconf 70' lang='lat' dir='ltr'>librariolis</span> <span class='ocrx_word' id='word_1_150' title='bbox 1123 2287 1192 2370; x_wconf 86' lang='lat' dir='ltr'>AB,</span> <span class='ocrx_word' id='word_1_151' title='bbox 1216 2287 1356 2350; x_wconf 78' lang='lat' dir='ltr'>liberatio</span> <span class='ocrx_word' id='word_1_152' title='bbox 1380 2286 1438 2349; x_wconf 85' lang='lat' dir='ltr'>lin-</span> 
     </span>
     <span class='ocr_line' id='line_1_19' title="bbox 265 2392 1437 2476; baseline 0 -21"><span class='ocrx_word' id='word_1_153' title='bbox 265 2392 338 2475; x_wconf 76' lang='lat' dir='ltr'>quis</span> <span class='ocrx_word' id='word_1_154' title='bbox 353 2394 393 2458; x_wconf 93' lang='lat' dir='ltr'>H.</span> <span class='ocrx_word' id='word_1_155' title='bbox 432 2393 512 2458; x_wconf 89' lang='lat' dir='ltr'>Mihi</span> <span class='ocrx_word' id='word_1_156' title='bbox 535 2397 730 2476; x_wconf 89' lang='lat' dir='ltr'>persuadere</span> <span class='ocrx_word' id='word_1_157' title='bbox 750 2415 813 2460; x_wconf 93' lang='lat' dir='ltr'>non</span> <span class='ocrx_word' id='word_1_158' title='bbox 828 2414 955 2476; x_wconf 91' lang='lat' dir='ltr'>possum</span> <span class='ocrx_word' id='word_1_159' title='bbox 969 2394 1139 2459; x_wconf 89' lang='lat' dir='ltr'>lectionem</span> <span class='ocrx_word' id='word_1_160' title='bbox 1155 2393 1271 2458; x_wconf 90' lang='lat' dir='ltr'>codicis</span> <span class='ocrx_word' id='word_1_161' title='bbox 1286 2394 1318 2458; x_wconf 89' lang='lat' dir='ltr'><strong>H</strong></span> <span class='ocrx_word' id='word_1_162' title='bbox 1337 2392 1437 2456; x_wconf 89' lang='lat' dir='ltr'>inter-</span> 
     </span>
    </p>
   </div>
   <div class='ocr_carea' id='block_1_3' title="bbox 268 2499 1438 2906">
    <p class='ocr_par' dir='ltr' id='par_1_6' title="bbox 268 2499 1438 2906">
     <span class='ocr_line' id='line_1_20' title="bbox 268 2499 1437 2585; baseline 0 -22"><span class='ocrx_word' id='word_1_163' title='bbox 268 2499 463 2580; x_wconf 91' lang='lat' dir='ltr'>polationem</span> <span class='ocrx_word' id='word_1_164' title='bbox 479 2521 556 2585; x_wconf 90' lang='lat' dir='ltr'>esse,</span> <span class='ocrx_word' id='word_1_165' title='bbox 580 2504 636 2567; x_wconf 91' lang='lat' dir='ltr'>sed</span> <span class='ocrx_word' id='word_1_166' title='bbox 659 2505 744 2567; x_wconf 92' lang='lat' dir='ltr'>unde</span> <span class='ocrx_word' id='word_1_167' title='bbox 764 2504 844 2567; x_wconf 90' lang='lat' dir='ltr'>haee</span> <span class='ocrx_word' id='word_1_168' title='bbox 864 2502 976 2584; x_wconf 91' lang='lat' dir='ltr'>inepta</span> <span class='ocrx_word' id='word_1_169' title='bbox 991 2501 1154 2583; x_wconf 90' lang='lat' dir='ltr'>scriptura</span> <span class='ocrx_word' id='word_1_170' title='bbox 1170 2501 1250 2566; x_wconf 91' lang='lat' dir='ltr'>nata</span> <span class='ocrx_word' id='word_1_171' title='bbox 1265 2499 1308 2564; x_wconf 90' lang='lat' dir='ltr'>sit</span> <span class='ocrx_word' id='word_1_172' title='bbox 1323 2499 1437 2564; x_wconf 89' lang='lat' dir='ltr'>neseio.</span> 
     </span>
     <span class='ocr_line' id='line_1_21' title="bbox 270 2605 1438 2691; baseline -0.001 -22"><span class='ocrx_word' id='word_1_173' title='bbox 270 2606 342 2689; x_wconf 86' lang='lat'><strong>10,5</strong></span> <span class='ocrx_word' id='word_1_174' title='bbox 369 2605 768 2691; x_wconf 71' lang='lat' dir='ltr'>Clitarchnnelciitarcbum</span> <span class='ocrx_word' id='word_1_175' title='bbox 786 2609 824 2691; x_wconf 84' lang='lat' dir='ltr'>A,</span> <span class='ocrx_word' id='word_1_176' title='bbox 849 2609 1051 2675; x_wconf 66' lang='lat' dir='ltr'>chiliarchum</span> <span class='ocrx_word' id='word_1_177' title='bbox 1074 2608 1112 2690; x_wconf 90' lang='lat' dir='ltr'>B,</span> <span class='ocrx_word' id='word_1_178' title='bbox 1135 2608 1306 2671; x_wconf 80' lang='lat' dir='ltr'>diteraruin</span> <span class='ocrx_word' id='word_1_179' title='bbox 1329 2607 1361 2670; x_wconf 94' lang='lat' dir='ltr'><strong>H</strong></span> <span class='ocrx_word' id='word_1_180' title='bbox 1385 2605 1438 2690; x_wconf 83' lang='lat' dir='ltr'><strong>(f.</strong></span> 
     </span>
     <span class='ocr_line' id='line_1_22' title="bbox 268 2713 1438 2798; baseline 0 -21"><span class='ocrx_word' id='word_1_181' title='bbox 268 2733 298 2794; x_wconf 93' lang='lat' dir='ltr'>p.</span> <span class='ocrx_word' id='word_1_182' title='bbox 320 2713 385 2798; x_wconf 89' lang='lat'><strong>10).</strong></span> <span class='ocrx_word' id='word_1_183' title='bbox 436 2715 528 2796; x_wconf 70' lang='lat' dir='ltr'>tour</span> <span class='ocrx_word' id='word_1_184' title='bbox 554 2716 735 2780; x_wconf 79' lang='lat' dir='ltr'>inlustrabit</span> <span class='ocrx_word' id='word_1_185' title='bbox 754 2716 822 2798; x_wconf 83' lang='lat' dir='ltr'>AB,</span> <span class='ocrx_word' id='word_1_186' title='bbox 845 2716 1036 2780; x_wconf 76' lang='lat' dir='ltr'>inlustrabat</span> <span class='ocrx_word' id='word_1_187' title='bbox 1054 2717 1096 2797; x_wconf 92' lang='lat' dir='ltr'><strong>H,</strong></span> <span class='ocrx_word' id='word_1_188' title='bbox 1124 2734 1220 2795; x_wconf 91' lang='lat' dir='ltr'>quam</span> <span class='ocrx_word' id='word_1_189' title='bbox 1243 2713 1438 2794; x_wconf 82' lang='lat' dir='ltr'>scripturam</span> 
     </span>
     <span class='ocr_line' id='line_1_23' title="bbox 269 2819 1437 2906; baseline 0.001 -22"><span class='ocrx_word' id='word_1_190' title='bbox 269 2819 486 2885; x_wconf 88' lang='lat' dir='ltr'>coniecturam</span> <span class='ocrx_word' id='word_1_191' title='bbox 510 2840 579 2886; x_wconf 91' lang='lat' dir='ltr'>esse</span> <span class='ocrx_word' id='word_1_192' title='bbox 602 2841 666 2886; x_wconf 92' lang='lat' dir='ltr'>non</span> <span class='ocrx_word' id='word_1_193' title='bbox 682 2822 837 2906; x_wconf 84' lang='lat' dir='ltr'>existimo,</span> <span class='ocrx_word' id='word_1_194' title='bbox 862 2825 945 2903; x_wconf 92' lang='lat' dir='ltr'>quod</span> <span class='ocrx_word' id='word_1_195' title='bbox 968 2840 1104 2903; x_wconf 91' lang='lat' dir='ltr'>sequens</span> <span class='ocrx_word' id='word_1_196' title='bbox 1127 2823 1262 2886; x_wconf 81' lang='lat' dir='ltr'>incurret</span> <span class='ocrx_word' id='word_1_197' title='bbox 1284 2840 1348 2885; x_wconf 94' lang='lat' dir='ltr'>non</span> <span class='ocrx_word' id='word_1_198' title='bbox 1370 2840 1437 2885; x_wconf 92' lang='lat' dir='ltr'>mu·</span> 
     </span>
    </p>
   </div>
   <div class='ocr_carea' id='block_1_4' title="bbox 268 2928 1439 4508">
    <p class='ocr_par' dir='ltr' id='par_1_7' title="bbox 268 2928 1439 4508">
     <span class='ocr_line' id='line_1_24' title="bbox 268 2928 1439 3012; baseline -0.001 -20"><span class='ocrx_word' id='word_1_199' title='bbox 268 2931 374 2993; x_wconf 87' lang='lat' dir='ltr'>tatum</span> <span class='ocrx_word' id='word_1_200' title='bbox 398 2933 455 2992; x_wconf 90' lang='lat' dir='ltr'>est.</span> <span class='ocrx_word' id='word_1_201' title='bbox 496 2929 567 3012; x_wconf 79' lang='grc'>12,6</span> <span class='ocrx_word' id='word_1_202' title='bbox 591 2931 812 3011; x_wconf 82' lang='lat' dir='ltr'>senectutisque</span> <span class='ocrx_word' id='word_1_203' title='bbox 835 2951 897 2994; x_wconf 93' lang='lat' dir='ltr'>non</span> <span class='ocrx_word' id='word_1_204' title='bbox 919 2930 1028 2994; x_wconf 80' lang='lat' dir='ltr'>inertis</span> <span class='ocrx_word' id='word_1_205' title='bbox 1044 2930 1112 3011; x_wconf 88' lang='lat' dir='ltr'>AB,</span> <span class='ocrx_word' id='word_1_206' title='bbox 1134 2928 1355 3008; x_wconf 83' lang='lat' dir='ltr'>senectutisque</span> <span class='ocrx_word' id='word_1_207' title='bbox 1377 2948 1439 2991; x_wconf 90' lang='lat' dir='ltr'>non</span> 
     </span>
     <span class='ocr_line' id='line_1_25' title="bbox 268 3035 1438 3119; baseline -0.001 -21"><span class='ocrx_word' id='word_1_208' title='bbox 268 3035 343 3098; x_wconf 78' lang='lat' dir='ltr'>eutis</span> <span class='ocrx_word' id='word_1_209' title='bbox 365 3036 406 3100; x_wconf 93' lang='lat' dir='ltr'>H.</span> <span class='ocrx_word' id='word_1_210' title='bbox 446 3036 540 3118; x_wconf 81' lang='lat'><strong>12,12</strong></span> <span class='ocrx_word' id='word_1_211' title='bbox 564 3037 729 3100; x_wconf 84' lang='lat' dir='ltr'>instituisti</span> <span class='ocrx_word' id='word_1_212' title='bbox 744 3036 813 3119; x_wconf 87' lang='lat' dir='ltr'>AB,</span> <span class='ocrx_word' id='word_1_213' title='bbox 837 3037 972 3100; x_wconf 90' lang='lat' dir='ltr'>instituti</span> <span class='ocrx_word' id='word_1_214' title='bbox 989 3037 1029 3100; x_wconf 93' lang='lat' dir='ltr'>H.</span> <span class='ocrx_word' id='word_1_215' title='bbox 1069 3035 1438 3117; x_wconf 58' lang='lat' dir='ltr'>tabulamentis</span> 
     </span>
     <span class='ocr_line' id='line_1_26' title="bbox 268 3140 1438 3227; baseline 0 -22"><span class='ocrx_word' id='word_1_216' title='bbox 268 3142 300 3206; x_wconf 95' lang='lat' dir='ltr'><strong>H</strong></span> <span class='ocrx_word' id='word_1_217' title='bbox 329 3140 383 3225; x_wconf 86' lang='lat' dir='ltr'>(ex</span> <span class='ocrx_word' id='word_1_218' title='bbox 407 3143 613 3207; x_wconf 87' lang='lat' dir='ltr'>antecedenti</span> <span class='ocrx_word' id='word_1_219' title='bbox 640 3144 767 3224; x_wconf 90' lang='lat' dir='ltr'>quintus</span> <span class='ocrx_word' id='word_1_220' title='bbox 791 3142 919 3227; x_wconf 86' lang='lat' dir='ltr'>ortum).</span> <span class='ocrx_word' id='word_1_221' title='bbox 972 3142 1044 3224; x_wconf 83' lang='lat'><strong>15,4</strong></span> <span class='ocrx_word' id='word_1_222' title='bbox 1071 3143 1125 3223; x_wconf 86' lang='lat' dir='ltr'>qui</span> <span class='ocrx_word' id='word_1_223' title='bbox 1148 3143 1181 3205; x_wconf 91' lang='lat' dir='ltr'>id</span> <span class='ocrx_word' id='word_1_224' title='bbox 1203 3143 1272 3223; x_wconf 87' lang='lat' dir='ltr'>AB,</span> <span class='ocrx_word' id='word_1_225' title='bbox 1300 3141 1376 3222; x_wconf 88' lang='lat' dir='ltr'>quid</span> <span class='ocrx_word' id='word_1_226' title='bbox 1398 3141 1438 3205; x_wconf 94' lang='lat' dir='ltr'>H.</span> 
     </span>
     <span class='ocr_line' id='line_1_27' title="bbox 271 3247 1437 3334; baseline 0 -23"><span class='ocrx_word' id='word_1_227' title='bbox 271 3248 342 3330; x_wconf 84' lang='lat'>15‚8</span> <span class='ocrx_word' id='word_1_228' title='bbox 366 3250 574 3313; x_wconf 81' lang='lat' dir='ltr'>necessarium</span> <span class='ocrx_word' id='word_1_229' title='bbox 597 3251 666 3332; x_wconf 89' lang='lat' dir='ltr'>AB,</span> <span class='ocrx_word' id='word_1_230' title='bbox 690 3250 875 3328; x_wconf 81' lang='lat' dir='ltr'>(necessario</span> <span class='ocrx_word' id='word_1_231' title='bbox 895 3249 931 3332; x_wconf 91' lang='lat' dir='ltr'>B,</span> <span class='ocrx_word' id='word_1_232' title='bbox 956 3268 1001 3334; x_wconf 24' lang='lat' dir='ltr'>ex·</span> <span class='ocrx_word' id='word_1_233' title='bbox 1020 3247 1226 3314; x_wconf 86' lang='lat' dir='ltr'>antecedenti</span> <span class='ocrx_word' id='word_1_234' title='bbox 1243 3250 1362 3328; x_wconf 83' lang='lat' dir='ltr'>populo</span> <span class='ocrx_word' id='word_1_235' title='bbox 1385 3248 1437 3313; x_wconf 86' lang='lat' dir='ltr'>vel</span> 
     </span>
     <span class='ocr_line' id='line_1_28' title="bbox 269 3355 1439 3441; baseline -0.001 -23"><span class='ocrx_word' id='word_1_236' title='bbox 269 3355 416 3435; x_wconf 86' lang='lat' dir='ltr'>sequenti</span> <span class='ocrx_word' id='word_1_237' title='bbox 445 3377 514 3420; x_wconf 83' lang='lat' dir='ltr'>uero</span> <span class='ocrx_word' id='word_1_238' title='bbox 538 3356 666 3441; x_wconf 88' lang='lat' dir='ltr'>ortum),</span> <span class='ocrx_word' id='word_1_239' title='bbox 696 3357 922 3420; x_wconf 80' lang='lat' dir='ltr'>necessaricuni</span> <span class='ocrx_word' id='word_1_240' title='bbox 945 3357 986 3421; x_wconf 93' lang='lat' dir='ltr'>H.</span> <span class='ocrx_word' id='word_1_241' title='bbox 1036 3356 1107 3438; x_wconf 80' lang='lat'><strong>16,7</strong></span> <span class='ocrx_word' id='word_1_242' title='bbox 1136 3361 1182 3419; x_wconf 92' lang='lat' dir='ltr'>est</span> <span class='ocrx_word' id='word_1_243' title='bbox 1204 3377 1224 3419; x_wconf 93' lang='lat' dir='ltr'>a</span> <span class='ocrx_word' id='word_1_244' title='bbox 1248 3360 1274 3418; x_wconf 94' lang='lat' dir='ltr'>te</span> <span class='ocrx_word' id='word_1_245' title='bbox 1300 3355 1366 3437; x_wconf 87' lang='lat' dir='ltr'>AB,</span> <span class='ocrx_word' id='word_1_246' title='bbox 1394 3359 1439 3418; x_wconf 89' lang='lat' dir='ltr'>est</span> 
     </span>
     <span class='ocr_line' id='line_1_29' title="bbox 268 3460 1437 3547; baseline -0.001 -21"><span class='ocrx_word' id='word_1_247' title='bbox 268 3467 368 3526; x_wconf 89' lang='lat' dir='ltr'>satate</span> <span class='ocrx_word' id='word_1_248' title='bbox 387 3464 419 3527; x_wconf 94' lang='lat' dir='ltr'><strong>H</strong></span> <span class='ocrx_word' id='word_1_249' title='bbox 432 3461 485 3547; x_wconf 85' lang='lat' dir='ltr'><strong>(l).</strong></span> <span class='ocrx_word' id='word_1_250' title='bbox 533 3463 604 3545; x_wconf 87' lang='lat'><strong>16,8</strong></span> <span class='ocrx_word' id='word_1_251' title='bbox 628 3464 728 3527; x_wconf 83' lang='lat' dir='ltr'>siuns</span> <span class='ocrx_word' id='word_1_252' title='bbox 743 3464 812 3546; x_wconf 89' lang='lat' dir='ltr'>AB,</span> <span class='ocrx_word' id='word_1_253' title='bbox 835 3484 945 3527; x_wconf 71' lang='lat' dir='ltr'>suanus</span> <span class='ocrx_word' id='word_1_254' title='bbox 961 3465 1002 3545; x_wconf 88' lang='grc' dir='ltr'>Η,</span> <span class='ocrx_word' id='word_1_255' title='bbox 1026 3482 1121 3544; x_wconf 91' lang='lat' dir='ltr'>quam</span> <span class='ocrx_word' id='word_1_256' title='bbox 1144 3461 1314 3527; x_wconf 90' lang='lat' dir='ltr'>lectionem</span> <span class='ocrx_word' id='word_1_257' title='bbox 1337 3460 1437 3526; x_wconf 91' lang='lat' dir='ltr'>inter·</span> 
     </span>
     <span class='ocr_line' id='line_1_30' title="bbox 269 3568 1437 3653; baseline -0.003 -19"><span class='ocrx_word' id='word_1_258' title='bbox 269 3569 431 3650; x_wconf 92' lang='lat' dir='ltr'>polatione</span> <span class='ocrx_word' id='word_1_259' title='bbox 454 3575 559 3634; x_wconf 88' lang='lat' dir='ltr'>ortam</span> <span class='ocrx_word' id='word_1_260' title='bbox 575 3588 723 3634; x_wconf 90' lang='lat' dir='ltr'>essenon</span> <span class='ocrx_word' id='word_1_261' title='bbox 739 3569 894 3653; x_wconf 82' lang='lat' dir='ltr'>existimo,</span> <span class='ocrx_word' id='word_1_262' title='bbox 918 3572 1002 3650; x_wconf 92' lang='lat' dir='ltr'>quod</span> <span class='ocrx_word' id='word_1_263' title='bbox 1025 3569 1150 3650; x_wconf 91' lang='lat' dir='ltr'>reliqua</span> <span class='ocrx_word' id='word_1_264' title='bbox 1174 3568 1315 3633; x_wconf 91' lang='lat' dir='ltr'>eiusdem</span> <span class='ocrx_word' id='word_1_265' title='bbox 1339 3587 1437 3632; x_wconf 93' lang='lat' dir='ltr'>enun-</span> 
     </span>
     <span class='ocr_line' id='line_1_31' title="bbox 269 3662 1437 3760; baseline 0 -20"><span class='ocrx_word' id='word_1_266' title='bbox 269 3662 345 3742; x_wconf 87' lang='lat' dir='ltr'>tiati</span> <span class='ocrx_word' id='word_1_267' title='bbox 369 3679 471 3744; x_wconf 86' lang='lat' dir='ltr'>verba</span> <span class='ocrx_word' id='word_1_268' title='bbox 494 3697 558 3742; x_wconf 93' lang='lat' dir='ltr'>non</span> <span class='ocrx_word' id='word_1_269' title='bbox 581 3681 709 3742; x_wconf 90' lang='lat' dir='ltr'>mutata</span> <span class='ocrx_word' id='word_1_270' title='bbox 724 3682 808 3760; x_wconf 90' lang='lat' dir='ltr'>sunt,</span> <span class='ocrx_word' id='word_1_271' title='bbox 832 3683 869 3742; x_wconf 93' lang='lat' dir='ltr'>ut</span> <span class='ocrx_word' id='word_1_272' title='bbox 884 3698 913 3743; x_wconf 89' lang='lat' dir='ltr'><strong>v.</strong></span> <span class='ocrx_word' id='word_1_273' title='bbox 931 3678 951 3742; x_wconf 83' lang='lat'>5</span> <span class='ocrx_word' id='word_1_274' title='bbox 966 3678 1016 3760; x_wconf 91' lang='lat' dir='ltr'>sit,</span> <span class='ocrx_word' id='word_1_275' title='bbox 1040 3697 1070 3744; x_wconf 85' lang='lat' dir='ltr'><strong>v.</strong></span> <span class='ocrx_word' id='word_1_276' title='bbox 1088 3678 1106 3739; x_wconf 83' lang='lat'><strong>7</strong></span> <span class='ocrx_word' id='word_1_277' title='bbox 1124 3677 1282 3758; x_wconf 84' lang='lat' dir='ltr'>coiitineat,</span> <span class='ocrx_word' id='word_1_278' title='bbox 1306 3695 1336 3742; x_wconf 88' lang='lat' dir='ltr'><strong>v.</strong></span> <span class='ocrx_word' id='word_1_279' title='bbox 1354 3675 1373 3738; x_wconf 92' lang='lat'>8</span> <span class='ocrx_word' id='word_1_280' title='bbox 1389 3675 1437 3740; x_wconf 87' lang='lat' dir='ltr'>sit.</span> 
     </span>
     <span class='ocr_line' id='line_1_32' title="bbox 271 3782 1438 3869; baseline 0 -23"><span class='ocrx_word' id='word_1_281' title='bbox 271 3783 365 3866; x_wconf 84' lang='lat'><strong>18,14</strong></span> <span class='ocrx_word' id='word_1_282' title='bbox 394 3784 453 3847; x_wconf 89' lang='lat' dir='ltr'>alte</span> <span class='ocrx_word' id='word_1_283' title='bbox 476 3785 544 3867; x_wconf 87' lang='lat' dir='ltr'>AB,</span> <span class='ocrx_word' id='word_1_284' title='bbox 572 3787 666 3850; x_wconf 79' lang='lat' dir='ltr'>attero</span> <span class='ocrx_word' id='word_1_285' title='bbox 689 3785 722 3850; x_wconf 95' lang='lat' dir='ltr'><strong>H</strong></span> <span class='ocrx_word' id='word_1_286' title='bbox 750 3783 910 3869; x_wconf 88' lang='lat' dir='ltr'>(sequitur</span> <span class='ocrx_word' id='word_1_287' title='bbox 937 3783 1029 3868; x_wconf 84' lang='lat' dir='ltr'>uero).</span> <span class='ocrx_word' id='word_1_288' title='bbox 1076 3783 1171 3866; x_wconf 83' lang='grc'>20,15</span> <span class='ocrx_word' id='word_1_289' title='bbox 1200 3783 1347 3850; x_wconf 79' lang='lat' dir='ltr'>teiundus</span> <span class='ocrx_word' id='word_1_290' title='bbox 1370 3782 1438 3862; x_wconf 90' lang='lat' dir='ltr'>AB,</span> 
     </span>
     <span class='ocr_line' id='line_1_33' title="bbox 269 3890 1439 3972; baseline -0.001 -18"><span class='ocrx_word' id='word_1_291' title='bbox 269 3890 430 3955; x_wconf 74' lang='lat' dir='ltr'>bundam</span> <span class='ocrx_word' id='word_1_292' title='bbox 452 3892 493 3972; x_wconf 89' lang='lat' dir='ltr'>H,</span> <span class='ocrx_word' id='word_1_293' title='bbox 522 3910 604 3971; x_wconf 90' lang='lat' dir='ltr'>quae</span> <span class='ocrx_word' id='word_1_294' title='bbox 631 3891 728 3956; x_wconf 89' lang='lat' dir='ltr'>lectio</span> <span class='ocrx_word' id='word_1_295' title='bbox 751 3890 1002 3972; x_wconf 90' lang='lat' dir='ltr'>interpolatione</span> <span class='ocrx_word' id='word_1_296' title='bbox 1025 3909 1087 3954; x_wconf 93' lang='lat' dir='ltr'>non</span> <span class='ocrx_word' id='word_1_297' title='bbox 1111 3890 1243 3956; x_wconf 86' lang='lat' dir='ltr'>videtur</span> <span class='ocrx_word' id='word_1_298' title='bbox 1265 3893 1338 3954; x_wconf 88' lang='lat' dir='ltr'>orta</span> <span class='ocrx_word' id='word_1_299' title='bbox 1362 3907 1439 3970; x_wconf 90' lang='lat' dir='ltr'>esse,</span> 
     </span>
     <span class='ocr_line' id='line_1_34' title="bbox 269 3997 1438 4078; baseline -0.003 -17"><span class='ocrx_word' id='word_1_300' title='bbox 269 3999 352 4078; x_wconf 91' lang='lat' dir='ltr'>quod</span> <span class='ocrx_word' id='word_1_301' title='bbox 376 4015 512 4078; x_wconf 90' lang='lat' dir='ltr'>sequens</span> <span class='ocrx_word' id='word_1_302' title='bbox 527 4000 663 4064; x_wconf 90' lang='lat' dir='ltr'>verbum</span> <span class='ocrx_word' id='word_1_303' title='bbox 686 3999 859 4063; x_wconf 80' lang='lat' dir='ltr'>servandus</span> <span class='ocrx_word' id='word_1_304' title='bbox 884 4001 973 4063; x_wconf 88' lang='lat' dir='ltr'>recte</span> <span class='ocrx_word' id='word_1_305' title='bbox 996 4002 1162 4064; x_wconf 89' lang='lat' dir='ltr'>servatum</span> <span class='ocrx_word' id='word_1_306' title='bbox 1186 4002 1244 4062; x_wconf 90' lang='lat' dir='ltr'>est.</span> <span class='ocrx_word' id='word_1_307' title='bbox 1282 3997 1355 4078; x_wconf 79' lang='grc'>21,8</span> <span class='ocrx_word' id='word_1_308' title='bbox 1379 4016 1438 4076; x_wconf 89' lang='lat' dir='ltr'>quo</span> 
     </span>
     <span class='ocr_line' id='line_1_35' title="bbox 268 4102 1438 4188; baseline -0.005 -17"><span class='ocrx_word' id='word_1_309' title='bbox 268 4105 337 4188; x_wconf 86' lang='lat' dir='ltr'>AB,</span> <span class='ocrx_word' id='word_1_310' title='bbox 361 4105 443 4186; x_wconf 86' lang='lat' dir='ltr'>quod</span> <span class='ocrx_word' id='word_1_311' title='bbox 461 4106 501 4188; x_wconf 90' lang='lat' dir='ltr'>H,</span> <span class='ocrx_word' id='word_1_312' title='bbox 526 4105 696 4172; x_wconf 89' lang='lat' dir='ltr'>aberravit</span> <span class='ocrx_word' id='word_1_313' title='bbox 719 4104 826 4169; x_wconf 91' lang='lat' dir='ltr'>scriba</span> <span class='ocrx_word' id='word_1_314' title='bbox 850 4107 892 4169; x_wconf 86' lang='lat' dir='ltr'>ad</span> <span class='ocrx_word' id='word_1_315' title='bbox 915 4122 1051 4185; x_wconf 89' lang='lat' dir='ltr'>sequens</span> <span class='ocrx_word' id='word_1_316' title='bbox 1074 4104 1163 4185; x_wconf 88' lang='lat' dir='ltr'>qnod.</span> <span class='ocrx_word' id='word_1_317' title='bbox 1210 4103 1282 4186; x_wconf 84' lang='grc'>23,2</span> <span class='ocrx_word' id='word_1_318' title='bbox 1306 4102 1438 4166; x_wconf 79' lang='lat' dir='ltr'>cationis</span> 
     </span>
     <span class='ocr_line' id='line_1_36' title="bbox 268 4210 1439 4294; baseline -0.003 -18"><span class='ocrx_word' id='word_1_319' title='bbox 268 4211 399 4276; x_wconf 88' lang='lat' dir='ltr'>societas</span> <span class='ocrx_word' id='word_1_320' title='bbox 417 4213 486 4294; x_wconf 90' lang='lat' dir='ltr'>AB,</span> <span class='ocrx_word' id='word_1_321' title='bbox 509 4212 642 4276; x_wconf 74' lang='lat' dir='ltr'>euticetis</span> <span class='ocrx_word' id='word_1_322' title='bbox 665 4217 693 4275; x_wconf 90' lang='lat' dir='ltr'>et</span> <span class='ocrx_word' id='word_1_323' title='bbox 715 4211 845 4276; x_wconf 84' lang='lat' dir='ltr'>societas</span> <span class='ocrx_word' id='word_1_324' title='bbox 868 4212 909 4293; x_wconf 89' lang='lat' dir='ltr'>H,</span> <span class='ocrx_word' id='word_1_325' title='bbox 932 4210 966 4275; x_wconf 95' lang='lat' dir='ltr'>in</span> <span class='ocrx_word' id='word_1_326' title='bbox 989 4210 1136 4291; x_wconf 89' lang='lat' dir='ltr'>sequenti</span> <span class='ocrx_word' id='word_1_327' title='bbox 1160 4210 1244 4275; x_wconf 91' lang='lat' dir='ltr'>enim</span> <span class='ocrx_word' id='word_1_328' title='bbox 1267 4227 1364 4276; x_wconf 86' lang='lat' dir='ltr'>versu</span> <span class='ocrx_word' id='word_1_329' title='bbox 1386 4230 1439 4272; x_wconf 80' lang='lat' dir='ltr'>ua-</span> 
     </span>
     <span class='ocr_line' id='line_1_37' title="bbox 269 4315 1439 4402; baseline -0.003 -20"><span class='ocrx_word' id='word_1_330' title='bbox 269 4324 348 4382; x_wconf 74' lang='lat' dir='ltr'>tione</span> <span class='ocrx_word' id='word_1_331' title='bbox 380 4324 407 4382; x_wconf 92' lang='lat' dir='ltr'>et</span> <span class='ocrx_word' id='word_1_332' title='bbox 433 4319 571 4402; x_wconf 91' lang='lat' dir='ltr'>praebet</span> <span class='ocrx_word' id='word_1_333' title='bbox 598 4319 638 4383; x_wconf 93' lang='lat' dir='ltr'>H.</span> <span class='ocrx_word' id='word_1_334' title='bbox 685 4319 757 4402; x_wconf 81' lang='lat'><strong>23,7</strong></span> <span class='ocrx_word' id='word_1_335' title='bbox 788 4318 920 4382; x_wconf 84' lang='lat' dir='ltr'>ciuitatis</span> <span class='ocrx_word' id='word_1_336' title='bbox 948 4317 1016 4400; x_wconf 83' lang='lat' dir='ltr'>AB,</span> <span class='ocrx_word' id='word_1_337' title='bbox 1050 4318 1200 4381; x_wconf 83' lang='lat' dir='ltr'>cicitatein</span> <span class='ocrx_word' id='word_1_338' title='bbox 1223 4317 1264 4399; x_wconf 93' lang='lat' dir='ltr'><strong>H,</strong></span> <span class='ocrx_word' id='word_1_339' title='bbox 1293 4315 1439 4396; x_wconf 89' lang='lat' dir='ltr'>sequitur</span> 
     </span>
     <span class='ocr_line' id='line_1_38' title="bbox 270 4421 1438 4508; baseline -0.004 -19"><span class='ocrx_word' id='word_1_340' title='bbox 270 4425 354 4489; x_wconf 91' lang='lat' dir='ltr'>euim</span> <span class='ocrx_word' id='word_1_341' title='bbox 381 4426 524 4490; x_wconf 84' lang='lat' dir='ltr'>eiusdem.</span> <span class='ocrx_word' id='word_1_342' title='bbox 574 4425 648 4508; x_wconf 84' lang='grc'>25,8</span> <span class='ocrx_word' id='word_1_343' title='bbox 676 4431 710 4489; x_wconf 94' lang='lat' dir='ltr'>ut</span> <span class='ocrx_word' id='word_1_344' title='bbox 736 4426 766 4489; x_wconf 92' lang='lat' dir='ltr'>is</span> <span class='ocrx_word' id='word_1_345' title='bbox 789 4430 938 4508; x_wconf 77' lang='lat' dir='ltr'>aprioscat</span> <span class='ocrx_word' id='word_1_346' title='bbox 960 4425 1028 4507; x_wconf 90' lang='lat' dir='ltr'>AB,</span> <span class='ocrx_word' id='word_1_347' title='bbox 1056 4430 1091 4488; x_wconf 92' lang='lat' dir='ltr'>nt</span> <span class='ocrx_word' id='word_1_348' title='bbox 1118 4425 1256 4505; x_wconf 75' lang='lat' dir='ltr'>ipnoscat</span> <span class='ocrx_word' id='word_1_349' title='bbox 1278 4424 1318 4487; x_wconf 93' lang='lat' dir='ltr'>H.</span> <span class='ocrx_word' id='word_1_350' title='bbox 1365 4421 1438 4504; x_wconf 81' lang='grc'>26,8</span> 
     </span>
    </p>
   </div>
   <div class='ocr_carea' id='block_1_5' title="bbox 0 0 1710 5050">
    <p class='ocr_par' dir='ltr' id='par_1_8' title="bbox 0 0 1710 5050">
     <span class='ocr_line' id='line_1_39' title="bbox 0 0 1710 5050; baseline 0 0"><span class='ocrx_word' id='word_1_351' title='bbox 0 0 1710 5050; x_wconf 95' lang='lat' dir='ltr'> </span> 
     </span>
    </p>
   </div>
  </div>
 </body>
</html>
