3404 5050
766 395 988 461 ..50-

288 593 470 660 smoemas
493 591 564 674 BH,
582 591 860 672 praescribendam
882 591 920 656 A.
969 591 1063 674 1649
1087 592 1219 672 imperat
1241 589 1312 674 BH,
1340 591 1466 673 imperet

288 702 327 766 A.
375 699 493 783 164,1e
516 719 586 762 aero
605 697 676 781 BH,
699 715 767 762 aere
782 697 821 762 A.
870 697 963 780 166,1
985 717 1134 763 aurumve
1153 697 1224 777 BH,
1249 699 1411 764 aarameel
1426 699 1464 762 A.

289 807 385 890 166,8
413 805 514 870 caeos
540 803 611 887 BH,
640 803 754 885 quibas
782 805 822 868 A.
871 803 966 887 1673
993 805 1147 886 prodeam
1174 805 1244 888 BH,
1267 806 1403 886 probam
1425 805 1464 870 A.

289 912 385 997 170,9
402 912 489 995 plebi
512 912 583 994 BH,
607 911 686 977 blebe‘
708 910 748 976 A.
796 910 913 994 leole
936 915 1028 975 santo
1052 911 1123 994 BH,
1146 917 1221 976 sam
1243 912 1282 976 A.

376 1021 478 1086 Porro
498 1016 766 1099 interpolationes
787 1021 904 1081 extant
918 1017 1030 1098 paucis
1045 1017 1131 1101 looiS,
1149 1019 1241 1085 velut
1260 1017 1334 1100 57,5
1351 1023 1465 1081 artam

287 1128 359 1210 BH,
383 1126 503 1191 eateA
528 1124 657 1210 (certam
672 1122 722 1189 A²
740 1123 794 1208 K).
834 1130 958 1202 artam,
983 1127 1067 1204 quod
1090 1124 1216 1189 codices
1239 1128 1375 1206 poscunt
1394 1141 1465 1189 cum

286 1234 435 1300 Vahleno
476 1232 546 1297 sine
584 1230 680 1296 dnbio
722 1230 926 1295 sctibendum
968 1235 1025 1313 est,
1067 1236 1144 1295 certe
1176 1236 1226 1296 est
1257 1230 1465 1313 interpolatio

286 1339 416 1405 scribae
444 1339 484 1404 A.
538 1337 612 1420 58,9
640 1343 675 1401 at
702 1337 772 1420 BH,
802 1343 857 1401 oat
884 1337 923 1402 A.
974 1337 1047 1421 63,4
1080 1338 1163 1402 diota
1191 1339 1262 1421 BH,
1294 1338 1398 1402 dicata
1427 1339 1464 1404 A.

286 1446 361 1530 653
385 1450 538 1526 totamque
561 1443 631 1526 BH,
655 1448 834 1525 tantamque
856 1444 895 1509 A.
942 1444 1014 1526 eat
1038 1445 1196 1509 coaiaaato
1218 1444 1289 1527 BH,
1318 1445 1465 1509 ecae'ectoe

286 1553 326 1618 A.
374 1552 447 1635 75,6
470 1571 558 1616 secas
581 1550 652 1634 BH,
675 1556 797 1615 secatae
810 1551 855 1641 A.
904 1549 996 1634 lota
1021 1555 1084 1614 esto
1107 1551 1136 1614 e's
1159 1551 1241 1615 iares
1263 1550 1334 1634 BH,
1357 1550 1465 1614 eetaiei

286 1659 398 1724 cestris
421 1659 478 1723 A.·

376 1765 469 1832 Haec
490 1769 567 1831 sunt
582 1768 719 1846 peccata
734 1763 862 1829 scribae
878 1763 995 1829 codicis
1010 1764 1054 1845 A;
1078 1763 1163 1828 solus
1179 1767 1288 1828 autem
1304 1764 1335 1827 A
1350 1783 1464 1831 veram

286 1871 487 1955 scripturam
510 1872 649 1954 praebet
671 1870 722 1935 his
744 1869 835 1935 locis:

376 1999 405 2061 p.
425 1979 497 2062 16,4
516 1983 544 2042 et
560 1978 733 2058 conscripta
747 1977 787 2060 A,
811 1982 839 2040 et
860 1978 979 2059 serapia
993 1977 1065 2042 BH.
1103 1977 1142 2041 ln
1165 1995 1188 2041 x
1211 1976 1343 2044 videtur
1365 1977 1465 2042 fuisse

286 2145 317 2204 et
340 2095 466 2220 {Aac
513 2137 578 2203 Sed
606 2156 677 2202 oum
707 2136 881 2217 conscripta
909 2140 999 2201 certe
1023 2137 1204 2218 elegantior
1227 2135 1271 2202 sit
1294 2137 1466 2220 scriptura,

288 2265 360 2311 cnm
389 2243 537 2311 Vahleno
572 2243 633 2309 hoc
665 2243 735 2308 loco
768 2241 909 2308 codicem
941 2243 972 2308 A
1004 2243 1203 2323 sequendum
1236 2263 1306 2308 esse
1338 2263 1463 2309 censeo.

286 2351 409 2419 Similis
432 2353 521 2418 locus
541 2353 635 2417 extat
654 2371 683 2432 p.
703 2349 806 2433 105,1,
829 2347 886 2415 ubi
905 2350 969 2415 AH
992 2349 1116 2416 habent
1138 2352 1267 2434 servom,
1291 2349 1319 2414 B
1343 2371 1466 2416 conser-

287 2459 367 2538 oam',
397 2478 481 2541 quae
508 2457 693 2540 scripturae
722 2459 859 2522 eundem
882 2455 917 2520 in
939 2457 1066 2521 modum
1089 2455 1244 2523 videntur
1268 2462 1362 2522 ortae
1386 2477 1465 2524 esse.

233 2569 235 2574 '
287 2567 441 2631 Ceterum
468 2566 529 2630 hoc
556 2565 626 2630 loco
650 2563 820 2629 Vahlenns
844 2562 969 2627 codices
993 2563 1056 2627 ΑΗ
1080 2563 1242 2645 sequitur;
1270 2565 1327 2630 sed
1354 2569 1466 2630 utrum

286 2691 412 2737 semare
435 2689 478 2736 an
501 2691 683 2736 conservare
702 2667 908 2734 scribendum
926 2667 978 2753 sit,
1002 2669 1059 2737 vix
1083 2669 1255 2736 diiudicari
1278 2675 1387 2752 potest
1410 2669 1422 2756 (
1443 2672 1465 2736 i.

286 2799 317 2862 p.
333 2777 397 2860 45).
437 2777 534 2862 16,14
548 2776 731 2861 praeclaram
745 2776 784 2860 A,
800 2775 961 2842 aosioram
976 2778 1013 2860 B,
1037 2777 1216 2842 oaose'oram
1232 2778 1273 2861 H,
1293 2778 1348 2859 qui
1363 2777 1464 2845 vesti·

285 2884 376 2969 gium
398 2884 471 2963 veri
494 2881 610 2950 melius
630 2881 782 2951 servavit
807 2902 904 2964 quam
926 2884 963 2948 Β.
1013 2883 1107 2967 18,15
1132 2885 1223 2949 aliter
1244 2885 1296 2948 tas
1320 2887 1358 2968 A,
1389 2887 1464 2950 alte-

285 2993 356 3057 rias
379 2987 417 3075 B,
451 2991 541 3056 altem
568 2991 620 3056 ias
642 2992 688 3072 H;
722 2990 814 3058 altem
841 2994 948 3055 ortum
976 2991 1026 3054 est
1054 3009 1094 3055 ex
1122 2989 1334 3072 praecedenti
1362 2993 1461 3058 aliter.

286 3150 362 3234 25,9
386 3156 534 3234 apaoscat
555 3151 595 3234 A,
626 3155 787 3234 eopaoscat
809 3149 880 3216 BH.
926 3149 1066 3215 Videtur
1088 3149 1191 3233 igitur
1214 3150 1248 3215 in
1271 3171 1293 3214 x
1312 3108 1465 3234 &pasca

285 3255 395 3322 fuisse.
441 3253 537 3338 30,15
562 3257 661 3322 belao's
683 3257 723 3340 A,
747 3257 846 3322 deleas
869 3256 897 3320 B
922 3256 991 3341 (sed
1013 3258 1048 3321 m'
1072 3275 1152 3322 corr.
1176 3258 1196 3320 2
1219 3275 1261 3322 en
1284 3257 1340 3345 ia),
1364 3259 1464 3325 deleas

285 3363 320 3428 H
348 3361 396 3447 (m'
422 3362 457 3428 in
485 3381 548 3427 ras,
573 3381 654 3428 oorr.
679 3361 720 3436 ²la
751 3382 791 3427 ex
819 3363 855 3427 ia
882 3367 919 3429 ut
946 3363 1097 3446 videtur).
1149 3365 1222 3448 32,1
1251 3366 1401 3446 quiddam
1423 3366 1463 3448 A,

285 3467 437 3552 quiddam
459 3469 488 3534 B
512 3469 547 3554 (d
568 3469 658 3552 prior
679 3489 719 3535 m.
736 3470 778 3556 2),
806 3470 936 3552 qaedam
958 3471 999 3536 H.
1046 3471 1120 3556 35,5
1143 3471 1332 3536 seiaamsset
1354 3474 1393 3556 A,
1415 3493 1464 3537 se-

285 3577 457 3642 iemcae'sset
474 3577 544 3642 BH.
584 3576 658 3661 35,5
683 3583 775 3659 copmt
789 3578 828 3662 A,
852 3577 955 3660 capaci
970 3578 1040 3646 BH.
1087 3579 1160 3661 43,1
1185 3599 1243 3660 qae
1258 3580 1297 3662 A,
1321 3579 1375 3660 qm'
1392 3579 1462 3644 BH.

285 3681 359 3765 50,7
384 3705 444 3765 qao
467 3685 543 3766 qaid
565 3684 628 3750 ata
650 3684 689 3768 A,
717 3706 776 3767 qao
804 3685 858 3768 qae'
881 3685 944 3750 aaa
966 3686 1003 3769 B,
1031 3686 1114 3767 qaod
1136 3686 1191 3766 qm'
1214 3686 1276 3750 dici
1299 3687 1339 3750 H.
1388 3685 1461 3769 62,2

284 3809 346 3870 qao
368 3789 405 3853 de
425 3809 533 3873 pectere
556 3791 595 3874 A,
619 3791 702 3873 qaod
724 3812 739 3856 e
760 3812 868 3876 pectere
892 3792 963 3857 ΒΗ.
1009 3791 1083 3875 67,5
1107 3795 1193 3876 colpe
1216 3792 1256 3876 A,
1279 3795 1369 3876 calpa
1392 3793 1461 3858 ΒΗ.

286 3893 359 3978 74‚7
384 3895 503 3960 ee'oe'tote
526 3896 565 3980 A,
589 3898 741 3963 civitatem
763 3898 835 3964 BH.
884 3897 957 3982 76,3
980 3898 1173 3964 laetissimas
1191 3899 1231 3982 A,
1254 3899 1463 3964 laetissimam

285 4001 346 4066 AB
379 4002 558 4086 (antecedit
589 4024 654 4068 rem
679 4005 843 4085 publicam
874 4004 1037 4089 nostram).
1099 4005 1196 4089 84,10
1227 4006 1391 4072 sanxerint
1423 4007 1462 4090 A,

284 4112 475 4172 aaaoaeraat
498 4109 535 4190 B,
562 4114 714 4174 oaaemmt
736 4107 777 4174 H.
829 4110 902 4194 96,ss
927 4111 1152 4193 obtemperanto
1171 4113 1210 4195 A,
1240 4112 1463 4193 obtemperante

285 4214 349 4280 BH
372 4212 547 4298 (obtempor.
572 4215 622 4295 B).
676 4214 771 4301 100,3
799 4216 887 4282 dicos
910 4218 949 4302 A,
976 4218 1061 4284 diaes
1085 4219 1122 4303 B,
1152 4219 1253 4284 dicias
1272 4219 1313 4284 H.
1366 4218 1462 4302 1093

285 4319 469 4386 laeteretibae
492 4320 531 4404 A,
561 4321 728 4387 leemites
750 4323 788 4406 B,
818 4324 1002 4390 laetentibus
1024 4323 1057 4390 H
1088 4328 1115 4407 (a
1139 4344 1157 4390 e
1180 4344 1259 4391 corr.
1277 4326 1317 4406 2).
1366 4324 1462 4408 noa

286 4426 427 4494 maesta
449 4427 488 4511 A,
509 4432 666 4509 praesma
687 4429 758 4495 BH.
811 4430 925 4497 Lectio
957 4431 1075 4498 codicis
1099 4433 1129 4496 A
1159 4432 1367 4500 hauddubie
1396 4433 1461 4498 ele-
