3404 5050
788 386 1010 448 „24-

304 582 410 663 possit
432 583 473 664 H,
496 588 604 662 posset
625 581 695 645 ΑΒ.
741 581 837 664 31,12
857 581 1181 665 inlecebraJitlecebra
1203 583 1244 665 H,
1271 583 1397 647 incebru
1419 583 1487 648 AB.

311 689 383 771 32,1
400 688 541 752 naturali
565 689 641 752 bono
660 689 700 770 H,
724 694 838 752 notura
857 689 996 752 libronce
1014 689 1051 771 B,
1074 689 1233 753 naturalis
1252 690 1324 754 bont
1342 687 1387 754 ΑΒ
1410 690 1488 768 (alis

311 795 382 858 benc·
405 793 439 858 in
463 813 525 860 ras
550 793 884 878 amnigenam
908 813 1056 859 rasuram
1079 794 1113 858 in
1136 795 1167 859 A
1187 797 1307 879 eadem,
1331 814 1415 876 quae
1439 799 1488 860 est

309 901 345 965 in
367 901 405 983 B,
428 900 538 986 lectio)
555 902 728 966 Vahlenus
770 902 841 964 Non
861 905 919 984 θεῖ,
944 921 1001 966 cur
1022 921 1093 965 cum
1108 903 1255 967 Vahleno
1275 907 1488 968 correctorem

310 1005 356 1072 A²
379 1026 560 1090 sequamur,
589 1027 660 1072 eum
692 1007 789 1072 lectio
812 1007 984 1072 Heinsiani
1012 1027 1143 1089 prorsus
1172 1014 1251 1090 apta
1279 1008 1330 1092 sit,
1361 1009 1400 1074 et.
1424 1008 1487 1074 Cic.

310 1115 360 1179 ad.
379 1115 455 1180 lam.
474 1115 575 1198 nint
597 1113 683 1196 Quid
706 1113 810 1178 simile
833 1114 934 1178 habet
954 1113 1094 1195 epistula
1113 1119 1171 1179 aut
1192 1114 1310 1180 iudicio
1334 1120 1392 1180 aut
1415 1133 1487 1180 con-

309 1220 412 1286 tioni?
435 1220 508 1303 32,3
525 1221 635 1286 mentis
651 1222 692 1303 H,
708 1225 823 1285 mentes
838 1221 907 1285 AB.
939 1220 1013 1303 33,2
1029 1221 1199 1285 honestatis
1214 1222 1255 1304 H,
1271 1223 1488 1286 hominestutes

301 1328 348 1414 A,
372 1329 544 1392 honestates
568 1328 596 1393 B
621 1327 661 1412 (=
676 1326 721 1412 y).
768 1327 841 1410 33,3
861 1328 915 1408 qni
939 1327 979 1410 H,
1008 1349 1065 1408 que
1088 1328 1156 1392 AB.
1203 1328 1277 1412 33,3
1297 1329 1424 1411 inploret
1447 1331 1487 1394 H.

309 1435 478 1518 aaronem
501 1434 569 1516 AB,
607 1434 681 1517 33,4
701 1435 883 1515 cupiditates
907 1435 947 1518 H,
972 1435 1152 1516 cupiditatis
1174 1435 1243 1500 AB.
1278 1435 1352 1517 33,5
1375 1455 1429 1499 nec
1447 1437 1487 1518 H,

306 1561 347 1604 ne
370 1541 438 1605 AB.
472 1541 547 1624 33,9
564 1542 703 1623 beneficii
722 1541 762 1624 H,
787 1541 928 1623 beneficit
952 1539 977 1625 (t
1001 1542 1057 1606 alt.
1082 1560 1099 1605 e
1119 1559 1198 1606 corr.
1223 1541 1257 1626 2)
1277 1541 1316 1625 A,
1340 1543 1488 1624 beneficio

309 1647 347 1730 B,
371 1665 454 1727 quae
472 1647 569 1712 lectio
593 1647 692 1712 etiam
715 1647 750 1712 in
774 1648 803 1712 A
824 1652 902 1712 ante
921 1647 1152 1712 correctionem
1174 1647 1246 1712 tuit.
1295 1648 1368 1731 33,9
1387 1649 1489 1732 dilcptt

309 1755 350 1837 H,
374 1754 478 1837 diltpet
501 1754 569 1820 AB.
616 1755 712 1838 34,13
722 1762 817 1836 poeto
836 1755 877 1838 H,
894 1759 988 1836 poeta
1006 1759 1041 1818 ut
1064 1754 1099 1838 (o
1123 1773 1140 1819 e
1165 1753 1260 1839 corr.)
1282 1754 1320 1837 A,
1337 1760 1431 1835 petua
1454 1761 1490 1818 at

309 1861 347 1925 Β,
380 1861 420 1925 In
438 1862 471 1925 H
489 1861 593 1943 igitur
611 1866 700 1926 recte
720 1864 811 1926 deest
826 1867 869 1937 nt,
888 1879 972 1940 quae
988 1880 1052 1926 vox
1067 1861 1101 1925 in
1120 1881 1142 1942 y
1162 1880 1201 1926 ex
1221 1861 1498 1949 antecedentibus

309 1967 420 2034 verbis
452 1973 487 2031 at
516 1969 562 2031 ott
585 1973 680 2048 poeto
709 1972 782 2032 orta
814 1973 872 2032 est.
919 1968 992 2050 36,2
1014 1968 1149 2048 aliquem
1176 1969 1217 2050 H,
1249 1969 1389 2048 utiquam
1420 1968 1488 2032 AB.

308 2075 384 2156 36,3
415 2074 498 2154 effici
527 2075 568 2156 H,
611 2075 708 2154 efficit
736 2074 805 2139 AB.
855 2074 960 2138 Estne
998 2073 1084 2138 falsa
1113 2073 1301 2138 terminatio
1335 2073 1370 2139 iu
1398 2093 1420 2156 y
1448 2093 1488 2138 ex

309 2180 517 2244 antecedenti
545 2181 705 2245 conuerte
732 2181 777 2266 (v.
802 2181 836 2265 2)
867 2179 961 2245 orta?
1011 2180 1084 2262 36,7
1110 2189 1172 2243 tam
1200 2181 1352 2244 ennicttice
1379 2201 1489 2245 nomen

308 2287 454 2352 occiderit
475 2288 516 2370 H,
544 2270 734 2352 taamtattne
756 2292 900 2352 nomento
924 2295 971 2365 (io
994 2288 1040 2364 A)
1063 2287 1205 2351 occiderit
1221 2287 1289 2351 AB.
1335 2288 1406 2351 Non
1430 2292 1488 2370 est,

310 2413 368 2458 cur
398 2393 465 2458 alia
492 2394 700 2475 anquiramus
729 2414 800 2460 cum
830 2395 985 2476 Vahleno,
1021 2413 1092 2458 cum
1125 2393 1288 2475 scriptura
1317 2393 1488 2458 Heinsiani

310 2499 464 2583 sufficiat,
489 2521 585 2581 quam
601 2500 700 2565 etiam
718 2500 849 2582 plurimi
869 2499 1009 2564 editores
1025 2504 1226 2580 receperunt.
1257 2499 1330 2582 36,8
1351 2501 1429 2564 alter
1447 2500 1488 2583 H,

311 2645 442 2708 atteram
460 2643 499 2724 A,
524 2607 655 2708 atterite
671 2644 699 2707 B
723 2642 828 2727 (alteri
847 2641 959 2727 A⁹B²).
1002 2642 1162 2721 Equidem
1183 2661 1246 2706 non
1266 2641 1387 2724 dubito,
1411 2642 1489 2722 quin

308 2748 452 2814 Vahleni
476 2749 664 2814 coniectura
687 2751 768 2814 alter
790 2771 885 2830 quone
909 2751 999 2813 elteri
1023 2754 1114 2814 recta
1138 2749 1189 2814 sit.
1232 2749 1387 2813 Fortasse
1409 2749 1444 2813 in
1467 2769 1489 2830 y

310 2854 406 2920 lectio
430 2855 484 2939 sic,
513 2861 550 2922 ut
578 2857 613 2922 in
638 2858 665 2921 B
694 2856 820 2922 tradita
849 2861 907 2939 est,
938 2857 1061 2938 scripta
1090 2861 1163 2920 erat
1187 2861 1220 2920 et
1247 2857 1334 2920 haud
1358 2855 1422 2920 scio
1446 2875 1489 2919 an

309 2961 391 3028 illud
421 2986 473 3028 om
505 2963 554 3048 (in
581 2965 646 3029 fine
674 2965 762 3031 vocis
790 2963 934 3049 alteram)
980 2983 1020 3028 ex
1053 2967 1142 3028 recto
1174 2949 1268 3044 quam
1298 2967 1404 3026 ortum
1437 2961 1488 3026 sit.

309 3069 374 3134 Sed
398 3075 486 3134 certe
510 3071 544 3135 in
563 3091 584 3135 x
603 3073 691 3136 locus
709 3071 774 3135 iam
794 3075 965 3152 corruptus
984 3069 1056 3134 fuit.
1098 3069 1170 3152 37‚7
1187 3069 1308 3133 videtur
1325 3069 1366 3151 H,
1389 3069 1489 3132 cidere

310 3177 377 3241 AB.
431 3177 504 3259 37,8
526 3183 628 3242 ortum
656 3179 697 3261 H,
728 3183 814 3242 crtus
838 3178 897 3241 AB
931 3175 1093 3261 (sequitur
1120 3175 1195 3261 ins),
1248 3174 1344 3258 37,10
1367 3195 1424 3239 nos
1448 3175 1488 3257 H,

309 3283 399 3348 nobis
417 3283 483 3347 AB.
509 3283 581 3366 383
595 3285 732 3365 quodum
747 3286 788 3366 H,
805 3284 928 3366 quidem
945 3283 1011 3348 AB.
1038 3283 1111 3366 38,4
1124 3283 1272 3347 contineri
1282 3283 1322 3365 H,
1339 3282 1489 3346 contenere

310 3390 378 3456 AB.
425 3391 498 3474 38,9
523 3391 668 3471 officinas
695 3391 736 3475 H,
772 3391 905 3473 officinas
932 3390 1001 3457 AB.
1052 3391 1146 3473 38,11.
1173 3391 1243 3454 duic
1271 3389 1312 3471 H,
1345 3389 1394 3452 ln'c
1421 3387 1489 3451 AB.

311 3498 384 3581 392
400 3519 530 3580 sequare
545 3499 600 3563 sed
617 3498 659 3579 H,
684 3505 904 3580 sepnolresset
918 3498 957 3580 A,
981 3520 1096 3580 sepner
1118 3503 1202 3561 esset
1215 3497 1251 3560 B.
1286 3495 1359 3586 39,3
1376 3495 1428 3558 tite
1448 3495 1489 3576 H,

310 3605 359 3668 tta·
378 3606 445 3671 AB.
480 3605 553 3689 39,7
570 3605 732 3686 explorato
742 3605 782 3686 H,
798 3605 980 3684 explorator
996 3606 1034 3688 A,
1054 3607 1233 3684 exploratos
1243 3603 1280 3684 B,
1297 3619 1380 3682 quae
1392 3599 1489 3664 lectio

311 3711 411 3776 etiam
440 3712 475 3776 in
497 3714 528 3777 A
553 3717 634 3802 ,ante
658 3731 807 3776 rasuram
833 3711 906 3776 fuit.
953 3712 1026 3794 39,7
1041 3714 1204 3792 ponuntur
1232 3709 1272 3791 H,
1296 3711 1436 3788 penu-tar
1458 3708 1489 3770 A

312 3819 352 3904 (:
367 3817 412 3902 y),
435 3826 574 3900 penetus
602 3820 638 3884 B.
685 3839 707 3901 y
736 3817 839 3900 igitur
867 3816 1088 3898 compendium
1117 3813 1231 3880 omisit.
1283 3813 1356 3896 39,9
1372 3814 1418 3876 eis
1447 3812 1489 3894 H,

310 3949 362 3992 eos
380 3927 448 3991 AB.
490 3925 563 4008 39,9
580 3926 746 4005 expetendo
765 3926 805 4006 H,
829 3923 1018 4005 enpectcrutn
1037 3923 1096 3987 AB
1116 3920 1247 4006 (aperta
1265 3917 1489 4002 interpolatio)

311 4033 407 4118 3e,13
421 4037 530 4113 posset
552 4033 593 4097 c'c's
613 4032 655 4115 H,
672 4033 810 4112 possetis
834 4031 873 4113 A,
891 4051 987 4111 posse
1010 4031 1051 4094 tis
1074 4030 1110 4094 B.
1152 4029 1248 4112 39,14
1268 4026 1428 4092 academie
1447 4025 1489 4108 H,

311 4141 508 4204 ochntemtcc
527 4140 565 4222 A,
589 4139 766 4202 academico
785 4138 821 4201 B.
860 4137 932 4221 40,i
949 4141 1131 4202 receserunt
1149 4137 1190 4218 H,
1213 4138 1402 4200 mansurent
1420 4132 1489 4196 AB.

311 4246 385 4331 40,3
407 4267 476 4310 cerm
504 4246 544 4328 H,
579 4245 652 4308 dum
683 4244 752 4308 AB.
807 4249 853 4307 est
881 4244 922 4326 H,
955 4249 983 4307 et
1010 4244 1077 4308 AB.
1130 4243 1204 4326 40,3
1226 4240 1420 4306 commutetis
1448 4241 1489 4323 H,

311 4353 544 4418 communicetis
560 4352 599 4434 A,
619 4351 847 4416 cemntnnitctis
862 4351 901 4415 B.
936 4349 1192 4433 leonantius
1211 4350 1253 4427 H,
1277 4346 1402 4412 uirtutis
1421 4345 1488 4410 AB.

311 4457 409 4543 40,13'
430 4457 513 4524 omni
541 4459 582 4542 H,
613 4479 700 4524 omne
722 4459 791 4523 AB.
842 4457 939 4541 40,14
958 4462 1073 4522 emunt
1096 4457 1136 4538 H,
1164 4477 1277 4519 norum
1300 4455 1367 4520 AB.
1415 4453 1487 4536 41,1
