3404 5050
743 371 965 435 -10-

267 568 331 632 niis
351 569 391 632 H.
436 567 530 650 1629
549 571 615 632 tam
632 567 701 650 AB,
726 587 796 631 cum
813 568 855 632 H.
900 567 995 650 165‚4
1012 566 1190 647 provocatio
1208 586 1263 630 neo
1280 566 1439 649 est0Jpro-

266 679 421 740 vocabione
444 679 519 739 cesto
542 675 611 757 AB,
633 674 812 755 provocatio
839 695 877 738 ne
904 678 978 738 testo
1002 675 1034 738 H
1062 672 1132 757 (sed
1154 672 1189 737 in
1211 674 1243 737 H
1260 677 1439 753 provocatio

268 785 302 845 et
324 801 361 844 ne
384 785 474 845 reete
497 780 643 846 seiuncta
666 780 766 866 sunt).
815 779 932 863 171,10
955 780 1009 861 qui
1031 799 1086 844 nec
1108 780 1176 863 AB,
1200 780 1276 861 puin
1299 784 1327 842 et
1349 780 1389 844 H.

356 877 640 955 AAAHA:

356 1014 385 1075 p.
403 994 476 1078 10‚5
493 994 860 1077 clitarchumlolitaroum
874 994 913 1076 A,
935 993 1137 1058 clitharehum
1152 994 1189 1076 B,
1211 993 1384 1057 diterarum
1398 993 1439 1058 H.

268 1100 344 1184 20‚5
363 1102 475 1166 saeclis
493 1101 553 1166 AB
578 1100 691 1186 (seclis,
715 1103 742 1166 el
764 1100 799 1165 in
822 1119 884 1165 ras.
905 1119 984 1165 corr.
1004 1101 1033 1183 2,
1056 1100 1196 1165 fortasse
1220 1119 1260 1164 ex
1278 1100 1300 1164 d
1318 1098 1370 1184 B),
1393 1119 1440 1164 se-

152 1261 153 1264 .
268 1207 319 1272 dis
339 1209 380 1274 H.
423 1208 494 1291 62,1
510 1209 674 1288 praeclare
692 1208 761 1292 AB,
774 1207 931 1288 praedare
950 1209 989 1272 Η.
1038 1207 1132 1289 117,9
1151 1206 1276 1271 damnet
1294 1211 1384 1287 atque
1402 1206 1439 1288 B,

266 1315 391 1379 damnet
409 1315 447 1397 A,
471 1315 643 1395 olamatque
662 1314 743 1400 H(!)
768 1313 823 1395 qui
845 1319 956 1379 tamen
978 1315 1037 1379 hoc
1059 1315 1128 1378 1000
1151 1313 1283 1380 videtur
1306 1331 1438 1377 consen·

267 1421 331 1486 tire
355 1440 426 1486 cum
449 1420 607 1486 Vossiano
630 1421 669 1504 A,
693 1441 764 1486 cum
787 1421 821 1485 in
844 1425 981 1502 utroque
1004 1421 1133 1502 syllaba
1155 1425 1206 1485 net
1229 1419 1394 1485 exciderit.

356 1529 396 1594 ui
419 1532 453 1592 et
475 1529 516 1594 iu
538 1529 591 1594 vel
614 1529 665 1592 in:

356 1653 386 1715 p.
403 1635 477 1718 19,4
491 1635 543 1699 uis
558 1635 600 1699 sit
615 1635 683 1719 AB,
706 1635 801 1699 iussit
816 1636 857 1700 H.
903 1633 977 1717 45,8
992 1633 1136 1698 deuincta
1149 1634 1219 1716 AB,
1241 1633 1385 1697 deiuneta
1398 1633 1439 1697 H.

268 1741 341 1824 49,4
369 1742 469 1806 virtus
501 1741 766 1825 quaeJumusque
793 1742 862 1824 AB,
898 1741 1060 1822 duriusque
1083 1740 1123 1805 H.
1178 1740 1251 1823 52,ss
1279 1740 1344 1804 uiri
1370 1740 1439 1822 AB,

267 1847 331 1911 iuri
349 1849 390 1914 H.
432 1849 506 1931 64,4
525 1849 650 1912 uivendi
668 1849 737 1931 AB,
761 1848 885 1913 iuvenali
907 1849 948 1914 H.
992 1847 1066 1930 96,4
1089 1847 1267 1929 uirpetapue
1281 1847 1351 1930 AB,
1374 1846 1440 1910 iur-

265 1959 391 2037 yetaque
413 1956 454 2020 H.
502 1955 597 2038 1383
621 1955 672 2019 ius
695 1961 723 2018 et
745 1975 760 2018 e
783 1955 976 2037 mediojiuse
999 1953 1125 2018 temedio
1141 1954 1180 2036 A,
1203 1953 1252 2018 ius
1274 1959 1303 2018 et
1324 1953 1439 2017 emedio

268 2060 306 2144 B,
330 2062 522 2126 mestemedio
542 2063 582 2126 H.
630 2061 722 2145 139,1
744 2062 833 2125 cuius
852 2062 920 2144 AB,
945 2061 1046 2124 cimus
1065 2061 1105 2125 H.
1154 2060 1247 2143 142‚7
1271 2061 1336 2124 m'tu
1353 2060 1388 2124 ip
1406 2079 1439 2123 eo

267 2168 327 2232 AB
348 2167 418 2252 (sed
436 2169 501 2232 ritu
518 2167 553 2232 in
572 2187 634 2233 raS.
654 2168 674 2231 2
691 2167 744 2253 A),
768 2168 810 2231 rit
827 2169 918 2232 iunco
933 2167 974 2232 H.
1018 2166 1134 2249 146‚10
1153 2167 1218 2230 uir&
1232 2167 1301 2250 AB,
1320 2166 1385 2231 iuri
1398 2166 1439 2230 H.

270 2273 364 2358 155,8
388 2274 515 2358 (decem)
543 2275 607 2339 uiri
630 2276 665 2340 in
687 2276 756 2358 AB,
783 2275 914 2357 (decem)
937 2274 1034 2337 mrim
1056 2274 1097 2339 H.
1144 2273 1260 2357 158,15
1283 2273 1348 2336 uiri
1371 2273 1439 2356 AB,

267 2380 332 2445 iuri
355 2383 395 2447 H.
443 2381 560 2464 165,10
583 2383 763 2447 umdioauto
786 2382 845 2448 AB
870 2380 1041 2466 (uindicata
1065 2381 1102 2464 Β,
1131 2399 1188 2445 om.
1213 2378 1334 2464 pomp),
1357 2380 1440 2444 iudi-

270 2494 359 2554 0anto
382 2490 423 2554 H.
470 2489 533 2555 Sed
560 2494 668 2570 potest
695 2490 776 2554 haec
803 2488 899 2553 lectio
927 2487 1027 2552 etiam
1055 2486 1240 2552 coniectura
1263 2491 1336 2552 orta
1360 2505 1438 2552 esse.

270 2596 683 2679 ummfflmff
1437 2579 1439 2582 ’

357 2701 395 2766 in
419 2705 453 2767 et
475 2721 512 2766 m
536 2703 589 2770 vel
611 2703 663 2767 ni:

358 2829 387 2890 p.
409 2807 503 2890 17‚15
517 2809 668 2889 pomponi
683 2809 751 2892 AB,
769 2828 917 2890 pompam
932 2809 972 2873 H.
1010 2807 1084 2890 21,5
1098 2807 1248 2889 pomponi
1263 2807 1332 2890 AB,
1349 2828 1440 2888 pom·

262 2936 339 2997 pom
357 2916 397 2980 H.
440 2915 512 2999 68,7
537 2936 629 2996 quom
652 2920 695 2980 tot
712 2916 781 2999 AB,
805 2937 864 2996 quo
887 2915 922 2979 in
944 2919 987 2980 tot
1009 2915 1041 2979 H
1065 2913 1091 2999 (t
1114 2919 1196 2979 extr.
1214 2913 1249 2978 in
1272 2933 1335 2980 ras.
1359 2933 1439 2980 corr.

268 3041 308 3087 m.
327 3021 370 3107 2).
417 3021 491 3105 933
515 3027 645 3086 mentem
667 3023 736 3108 AB,
763 3023 857 3087 intem
880 3023 920 3087 H.
968 3021 1085 3101 104‚11
1112 3020 1145 3086 in
1168 3021 1254 3104 apris
1276 3021 1345 3104 AB,
1373 3041 1439 3085 ma·

265 3129 333 3212 pris
356 3129 396 3193 H.
444 3129 538 3212 136,7
561 3149 627 3194 meo
650 3130 719 3212 AB,
748 3129 782 3193 in
804 3149 838 3192 eo
860 3129 901 3193 H.
949 3128 1043 3210 141,5
1067 3128 1101 3192 in
1123 3148 1174 3192 eos
1197 3127 1266 3209 AB,
1296 3147 1376 3192 meos
1398 3127 1439 3191 H.

270 3234 363 3318 145‚1
393 3235 428 3299 in
455 3256 488 3300 eo
511 3236 580 3319 AB,
608 3257 674 3300 meo
696 3237 737 3301 H.
785 3235 879 3318 150,8
903 3255 963 3316 pua
986 3235 1021 3299 m
1043 3234 1112 3318 AB,
1139 3256 1234 3315 quam
1256 3235 1297 3298 Η.
1345 3234 1438 3316 168,7

268 3341 302 3405 m'
317 3342 385 3424 AB,
410 3341 455 3406 ini
469 3343 502 3407 H
526 3341 686 3426 (sequitur
706 3342 855 3424 interfuit,
882 3340 971 3406 cuius
991 3341 1079 3408 vocis
1101 3341 1241 3424 priorem
1264 3340 1276 3402 i
1299 3339 1440 3405 seiunxit

269 3447 377 3513 scriba
400 3466 421 3512 a
444 3467 500 3514 suo
524 3448 703 3534 vocabulo).

356 3555 760 3623 uHssfflnfflH

357 3682 386 3743 p.
405 3662 504 3743 61‚18
530 3663 629 3744 iisque
644 3663 713 3746 AB,
737 3683 833 3744 usque
848 3663 889 3728 H.
929 3662 1023 3745 79,12
1047 3662 1077 3725 si
1095 3661 1129 3726 in
1147 3661 1199 3724 ius
1217 3665 1304 3724 vocat
1321 3660 1388 3744 AB,
1409 3659 1440 3723 si

268 3789 351 3833 wnus
379 3774 466 3833 vocat
488 3770 528 3834 H.
581 3769 674 3852 123,1
704 3770 795 3851 impii
822 3790 859 3834 ne
882 3771 950 3852 AB,
977 3776 1102 3848 impune
1125 3769 1165 3832 H.
1213 3767 1330 3850 126,12
1358 3771 1440 3832 metu

268 3879 334 3939 tum
355 3875 425 3958 AB,
448 3880 509 3940 met
530 3876 624 3940 citum
646 3877 688 3942 H.

357 3984 618 4049 afflofflu:

357 4109 386 4170 p.
398 4089 451 4172 4,5
460 4094 631 4170 potuerunt
639 4090 708 4173 AB,
723 4094 896 4171 patuerunt
904 4089 945 4154 H.
975 4086 1069 4172 1203
1086 4088 1122 4152 ob
1138 4087 1207 4170 AB,
1223 4088 1262 4152 ab
1278 4088 1319 4153 H.
1344 4086 1437 4170 159,1

268 4195 445 4260 ammarum
454 4197 523 4279 AB,
537 4197 717 4261 ammarum
731 4197 771 4261 H.
803 4194 897 4278 13‚10
911 4195 1100 4276 experiundo
1113 4195 1182 4278 AB,
1201 4193 1388 4275 emperiam
1398 4194 1438 4259 H.

269 4300 342 4384 15,5
364 4303 526 4384 professos
553 4303 622 4385 AB,
648 4304 815 4384 professus
838 4303 879 4368 H.
931 4302 1026 4386 119,5
1054 4303 1201 4368 excitatos
1223 4301 1283 4366 AB
1311 4299 1438 4385 (excitae

268 4413 344 4472 totos
361 4408 413 4493 Β),
436 4410 586 4474 excitatus
605 4410 646 4475 H.
688 4408 782 4492 140,5
798 4413 959 4491 torquatus
973 4409 1043 4491 AB,
1059 4413 1217 4490 torquatos
1233 4408 1274 4472 H.
1322 4407 1435 4490 171,11
