3404 5050
420 977 547 1080 Birtii
586 978 648 1080 de
685 1017 779 1113 quo
818 977 982 1081 dativo
1021 977 1275 1114 appendix.

347 1183 510 1291 Plagulas
532 1208 623 1292 istae,
650 1213 783 1290 gratum
810 1207 889 1272 mihi
917 1207 1109 1292 diligentiae
1140 1209 1302 1290 sobriique
1325 1209 1438 1274 iudicii

259 1316 428 1398 specimen,
444 1349 447 1356 ·
466 1318 541 1380 dum
574 1317 714 1398 perlego,
750 1314 803 1381 vir
837 1315 1020 1380 doctissime
1054 1319 1153 1396 atque
1189 1315 1362 1399 carissime,
1397 1318 1437 1382 de

259 1422 428 1506 scripturis
472 1443 532 1504 quo
571 1423 718 1502 quopiam
757 1421 915 1488 similibus
953 1421 1000 1485 ibi
1039 1423 1172 1488 traditis
1208 1423 1265 1488 ubi
1305 1421 1439 1488 dativus

260 1549 352 1594 casus
381 1527 577 1610 pronominis
607 1527 741 1596 relativi
772 1527 916 1610 exigitur
945 1532 1138 1594 monendum
1168 1533 1202 1594 te
1233 1548 1303 1594 esse
1327 1529 1437 1610 video;

259 1636 447 1702 scilicetne
471 1654 525 1700 eas
549 1635 627 1699 mihi
651 1655 722 1700 curn
746 1637 900 1716 despectu
924 1634 1047 1700 abicias
1070 1640 1108 1700 ut
1130 1637 1236 1701 solent
1259 1635 1314 1717 qui
1337 1636 1438 1700 libros

260 1746 359 1808 edunt
382 1742 509 1807 latinos.
555 1741 627 1806 Iam
651 1741 736 1806 enim
759 1760 821 1822 quo
844 1741 1014 1808 subtiliore
1037 1762 1116 1807 cura
1138 1743 1173 1808 in
1197 1742 1438 1822 disquisitiones

258 1850 393 1932 pusillas
424 1848 655 1931 grammaticas
678 1847 900 1931 incumbimus
931 1866 967 1913 eo
998 1850 1107 1929 plures
1138 1849 1317 1931 scripturas
1347 1853 1439 1914 recte

259 1957 441 2038 aestimare,
470 1958 512 2020 ad
540 1974 654 2020 causas
682 1955 913 2037 grammaticas
936 1955 1070 2038 referre,
1099 1975 1119 2020 a
1148 1956 1438 2037 depravationibus

258 2065 484 2129 monachorum
504 2061 596 2142 quasi
615 2063 755 2144 granula
771 2081 791 2126 a
806 2063 902 2142 palea
917 2081 1087 2127 secernere
1103 2065 1260 2128 docemur.
1295 2063 1348 2127 Ex
1363 2082 1437 2144 pro-

259 2170 386 2236 nomine
413 2173 523 2234 autem
550 2167 691 2235 relativo
715 2168 820 2236 dativi
843 2169 964 2234 iormas
987 2188 1052 2235 non
1075 2172 1165 2253 duas,
1193 2173 1250 2235 sed
1273 2175 1439 2254 quattuor,

260 2282 294 2342 et
311 2277 383 2358 quoi
408 2280 441 2340 et
464 2277 513 2339 cci
537 2277 642 2356 etqui
666 2282 700 2338 et
718 2297 787 2356 quo,
812 2275 992 2340 declinatas
1017 2295 1086 2341 esse
1105 2277 1173 2341 dixi
1191 2279 1272 2342 Mus.
1292 2278 1436 2342 libent.

259 2385 305 2448 Li
320 2405 349 2465 p.
360 2383 424 2446 493
450 2387 484 2447 et
502 2381 579 2447 ibid.
591 2383 655 2447 LII
673 2383 829 2462 supplem.
848 2403 877 2464 p.
890 2383 962 2447 191.
994 2383 1088 2446 Inter
1106 2401 1187 2462 quas
1205 2383 1259 2464 qni
1278 2383 1436 2464 dativum,

260 2490 377 2572 quippe
401 2490 456 2571 qui
479 2493 597 2571 regnet
619 2489 654 2553 in
676 2488 831 2572 Digestis
854 2507 918 2553 uon
942 2507 982 2553 ex
1006 2491 1087 2571 quoi,
1112 2492 1169 2554 sed
1193 2508 1233 2554 ex
1257 2491 1307 2554 cci
1331 2495 1437 2555 ortum

259 2597 381 2678 cepisse
410 2596 564 2678 apparuit
590 2600 719 2661 mutata
747 2599 876 2660 tantum
902 2595 1017 2660 littera
1040 2595 1211 2680 gutturali,
1243 2601 1438 2664 conservata

257 2704 328 2770 fere
351 2703 614 2786 pronuntiatione
638 2722 721 2784 quae
748 2702 813 2768 tuit
835 2702 894 2784 kyi
917 2705 971 2770 vel
995 2705 1049 2785 ky.
1096 2703 1199 2786 Quem
1223 2703 1372 2784 equidem
1395 2706 1439 2768 ad

258 2810 421 2876 Ciceronis
445 2809 629 2890 Catullique
652 2829 769 2899 aevum
792 2809 974 2874 transferre
998 2829 1062 2874 non
1086 2810 1197 2877 ausim.

346 2918 416 2982 Iam
445 2935 523 2984 vero
552 2916 701 2999 optimae,
730 2920 767 2980 tu
795 2934 875 2996 quas
898 2916 1120 2998 pertractasti,
1149 2915 1311 2980 Ciceronis
1338 2935 1436 2980 mem-

259 3023 383 3087 branae
406 3028 637 3105 praeterquam
662 3025 746 3104 quod
768 3021 945 3087 identidem
969 3023 1042 3104 qcoc‘
1064 3022 1146 3087 illud
1169 3022 1339 3104 antiquum
1363 3042 1435 3088 con·

260 3135 443 3213 servarunt,
474 3129 568 3194 simul
598 3135 711 3195 tamen
740 3129 839 3194 etiam
866 3129 1004 3195 formam
1027 3151 1086 3210 quo
1111 3131 1314 3194 commodant
1337 3134 1438 3210 atque

260 3239 490 3302 commendant.
532 3238 615 3300 Nam
638 3241 676 3300 ut
694 3236 823 3302 mittam
846 3237 950 3302 locum
969 3256 998 3317 p.
1017 3236 1110 3319 109,1
1136 3235 1193 3300 ubi
1216 3238 1347 3318 quoique
1365 3237 1441 3322 BH,

257 3364 376 3424 quoquc
394 3345 424 3408 A
449 3343 599 3426 (fortasse
618 3343 690 3426 95,1
716 3364 834 3425 quoquc
856 3343 891 3408 in
909 3344 940 3407 A
962 3343 1048 3407 idem
1072 3341 1187 3428 valet),
1212 3343 1436 3408 memorabiles

256 3449 319 3514 loci
348 3453 425 3514 sunt
453 3451 547 3533 60,ss
578 3449 634 3515 ubi
662 3471 722 3530 quo
749 3450 818 3533 AB,
847 3451 898 3514 cui
920 3451 965 3531 H;
995 3449 1091 3533 64,l2
1115 3449 1172 3514 ubi
1195 3451 1343 3531 quopiam
1366 3451 1436 3533 AB,

258 3559 394 3638 cuipiam
412 3557 453 3622 H.
496 3556 621 3640 Quibus
645 3560 733 3620 certe
758 3557 881 3620 duobus
899 3556 977 3621 locis
996 3578 1055 3637 quo
1074 3555 1109 3620 in
1126 3557 1307 3637 archetypo
1326 3555 1436 3640 inisse,

259 3665 308 3728 ccl
331 3683 429 3728 manu
452 3662 664 3728 emendatrici
679 3661 791 3726 doben
815 3663 963 3728 confidas.
1002 3661 1140 3728 Accedit
1163 3664 1248 3742 quod
1263 3662 1338 3745 67,9
1361 3684 1435 3743 quo·

258 3791 315 3850 que
339 3774 373 3834 61
390 3769 425 3834 in
442 3771 501 3835 AB
522 3775 556 3834 et
573 3769 608 3835 in
626 3770 659 3834 H
679 3774 729 3834 est
748 3774 959 3837 asservatum.
998 3767 1119 3852 Quodsi
1137 3769 1222 3833 hunc
1240 3770 1291 3833 De
1308 3768 1436 3852 legibus

259 3877 471 3958 archetypum
491 3880 532 3941 ad
550 3877 655 3958 ipsam
675 3881 846 3942 exeuntem
866 3875 1098 3956 antiquitatem
1113 3876 1292 3942 Romanam
1311 3875 1436 3940 referre

257 3981 342 4072 licet,
374 3983 527 4064 antiquus
554 3984 656 4049 luerit
684 3984 815 4052 dativus
842 4004 901 4064 quo
924 4001 1055 4072 necesse
1079 3986 1137 4048 est.
1183 3984 1296 4062 Neque
1319 3985 1440 4048 desunt.

257 4089 374 4171 quibus
396 4091 462 4155 ista
486 4091 714 4156 corroboretur
737 4090 904 4156 conclusio.
945 4089 1091 4156 Primum
1110 4089 1195 4156 enirn
1213 4091 1267 4172 qui
1285 4089 1357 4154 1616
1375 4093 1435 4174 ter,

256 4196 307 4262 bis
330 4216 409 4264 vero
433 4197 565 4266 dativus
588 4220 647 4281 quo
671 4199 814 4264 traditus
842 4203 892 4264 est
914 4197 949 4262 in
967 4197 1150 4263 Rhetoricis
1174 4199 1216 4262 ad
1234 4194 1441 4260 Herennium

256 4302 295 4386 (I,
321 4305 375 4386 10,
404 4306 460 4388 IV,
485 4307 541 4392 463
576 4305 614 4370 cf.
639 4307 720 4372 Mus.
744 4306 846 4370 Rhen.
869 4306 1029 4387 suppl-p.
1055 4302 1238 4388 192111).
1289 4304 1373 4367 Item
1400 4301 1436 4366 in

257 4409 406 4490 epistulis
425 4410 588 4476 Ciceronis
607 4415 649 4477 ad
667 4413 738 4477 Att.
759 4413 819 4496 IX,
840 4413 890 4501 1,4
910 4411 1004 4476 offert
1022 4409 1198 4476 Mediceus:
1218 4410 1363 4474 dabimus
1382 4415 1435 4472 boc
