3404 5050
798 340 1021 404 ,18-

323 557 360 604 eo
383 543 536 619 tempore,
561 536 669 616 quoB
693 535 874 616 descriptus
898 539 957 619 est,
981 535 1101 601 extitit.
1144 537 1218 618 98,9
1237 536 1412 600 sacerdotes
1432 537 1501 619 AB,
1539 553 1541 559 ·

322 644 511 709 sacerdotem
528 644 570 725 H,
590 659 687 723 quam
705 661 816 709 vocem
836 661 907 708 cum
926 648 1071 724 capiccio
1090 642 1241 726 coniungi
1260 643 1365 710 voluit
1383 642 1501 732 scriba.

325 749 442 834 102‚10
465 769 534 814 euru
552 750 621 832 AB,
645 750 737 814 etium
760 751 800 814 H.
848 749 965 830 102,12
983 754 1093 830 putere
1116 750 1159 814 cd
1177 749 1245 833 AB,
1263 755 1427 831 poteretur
1445 749 1502 819 H¹.

325 857 443 940 110‚10
465 877 535 921 cero
559 857 627 941 AB,
655 855 745 920 verbo
768 856 809 920 H.
864 855 969 938 nue-
989 875 1081 938 epoue
1103 856 1324 921 diuinationem
1347 856 1417 939 AB,
1449 877 1503 940 epo

322 962 548 1029 dedioiocto'ooe
572 963 613 1028 H.
667 963 762 1045 libb
791 983 850 1044 qao
879 983 916 1026 ue
940 963 1008 1045 AB,
1039 983 1157 1045 quoque
1180 964 1221 1028 H.
1274 963 1368 1046 12⁰st
1392 964 1503 1044 pobli-

323 1089 431 1135 corouo
454 1071 514 1140 AB
538 1069 586 1154 (in
609 1070 640 1133 A
663 1091 685 1133 u
709 1073 790 1134 extr.
815 1068 919 1154 corr),
942 1069 1105 1150 publicam
1127 1089 1193 1134 rem
1215 1070 1255 1134 H.
1304 1068 1424 1153 126,10
1449 1071 1503 1151 qui

322 1177 390 1260 AB,
414 1197 493 1258 quoe
516 1177 557 1241 H.
605 1175 699 1258 148‚5
722 1195 761 1240 oe
782 1176 917 1261 rudecto
941 1176 1009 1259 AB,
1038 1197 1075 1241 oc
1098 1176 1245 1241 traducto
1268 1176 1308 1242 H.
1355 1177 1503 1242 Verbum

321 1284 457 1348 rcdoodo
476 1287 610 1365 propter
628 1284 877 1364 praecedentem
900 1282 1018 1347 falsam
1041 1281 1237 1364 scripturam
1261 1303 1354 1360 cecos
1378 1283 1414 1347 in
1438 1289 1503 1347 tra

322 1391 417 1456 doato
440 1393 601 1454 mutatum
625 1393 683 1454 est.
731 1389 825 1470 1627
849 1407 916 1452 cere
940 1389 1008 1471 AB,
1031 1387 1067 1453 ob
1092 1388 1135 1473 (h.
1156 1407 1181 1454 e.
1198 1389 1290 1474 vero)
1314 1389 1355 1455 H.
1405 1389 1502 1472 166‚6

323 1497 467 1561 multatos
490 1497 529 1580 A,
560 1517 596 1560 ce
625 1496 733 1560 vitales
756 1496 793 1579 B,
822 1496 996 1560 addocet
1023 1497 1063 1560 H.
1114 1497 1154 1560 ln
1182 1514 1218 1560 eo
1246 1496 1338 1579 libro,
1368 1515 1409 1561 ex
1439 1515 1502 1578 quo

322 1655 417 1720 fluxit
445 1657 486 1739 H,
521 1655 653 1724 videtur
679 1655 791 1721 fuisse:
827 1611 982 1734 debellatos,
1015 1657 1101 1720 unde
1133 1655 1295 1737 scriptura
1327 1655 1503 1722 Heinsiani

322 1766 396 1827 orta
415 1767 473 1828 est.
517 1763 612 1846 170,8
639 1764 880 1846 magistratuum
899 1763 967 1845 AB,
990 1763 1222 1845 magistralium
1240 1763 1281 1828 H.
1329 1764 1424 1846 172st
1438 1783 1504 1844 po·

322 1869 420 1934 ticcio
443 1870 511 1952 ΑΒ,
533 1870 672 1952 faciente
695 1870 735 1934 H.

411 2135 464 2199 Ex
484 2134 633 2218 elenchis,
653 2153 731 2215 qnos
750 2134 857 2216 attuli,
876 2135 935 2198 hcc
953 2133 1031 2198 mihi
1051 2133 1229 2198 certissime
1248 2133 1379 2201 videtur
1398 2153 1501 2216 appa-

323 2260 408 2307 rere:
433 2241 572 2307 scribam
596 2240 713 2306 codicis
729 2240 901 2305 Heinsiani
915 2240 1048 2322 linguae
1066 2239 1190 2306 latinae
1208 2240 1338 2305 minime
1356 2241 1501 2321 peritum

322 2347 430 2431 fuisse,
454 2348 573 2430 quippe
596 2347 652 2428 qni
671 2347 768 2432 21,10
792 2347 941 2412 ortocodc
964 2366 1022 2429 pro
1046 2347 1202 2430 ordicudc,
1226 2347 1321 2430 68‚17
1341 2367 1422 2412 mom
1440 2367 1499 2429 pro

321 2475 393 2539 ooo,
434 2456 506 2538 10‚5
539 2455 712 2520 ditercreoc
751 2473 809 2536 pro
843 2455 1034 2537 olitcrcbouu,
1073 2454 1146 2536 20‚5
1179 2454 1262 2518 sedis
1301 2472 1360 2535 pro
1396 2455 1500 2536 seclia,

322 2563 396 2645 44,ss
420 2562 664 2626 erubescendum
691 2579 750 2643 pro
773 2562 954 2626 erubesceret
975 2561 1050 2639 toea,
1081 2562 1153 2644 16‚7
1182 2567 1227 2625 est
1248 2565 1347 2625 sctolc
1370 2579 1430 2642 pro
1454 2563 1501 2626 est

323 2689 344 2731 a
362 2675 397 2751 tc,
422 2668 517 2751 17‚15
535 2687 684 2748 pompcoo
702 2685 761 2749 pro
774 2667 927 2748 pomponi
945 2666 1003 2750 bis,
1028 2663 1102 2750 49,4
1125 2668 1289 2748 ludusque
1307 2686 1365 2748 pro
1383 2667 1509 2732 ciclos!

322 2794 390 2856 quc,
410 2774 550 2856 plurima
570 2773 636 2839 alia
654 2793 760 2855 prava
779 2778 813 2838 et
832 2775 935 2838 stulta
954 2773 1129 2855 scripserit.
1171 2775 1273 2838 Porro
1293 2792 1333 2838 ex
1351 2773 1402 2838 his
1420 2773 1501 2856 ipsis

323 2881 486 2965 exemplis,
511 2899 594 2962 qnae
613 2881 720 2964 attuli,
739 2879 887 2964 intellegi
906 2884 1014 2961 potest
1032 2881 1055 2945 J
1061 2882 1244 2945 ordanum
1264 2898 1390 2944 errasse
1409 2880 1499 2945 affir-

322 2991 465 3052 mantem
495 2987 632 3072 (qnaest.
662 2988 834 3053 Tullianae
857 3006 887 3067 p.
912 2987 946 3072 8)
975 2985 1188 3052 Heinsianum
1216 2986 1337 3068 insigni
1366 3006 1499 3053 accura-

322 3093 411 3159 tione
440 3113 509 3159 esse
537 3095 735 3175 descriptum
764 3093 906 3174 itemque
937 3111 1064 3158 errasse
1086 3093 1287 3158 Deiterum
1312 3093 1497 3174 opinantem

323 3199 378 3285 (de
397 3202 463 3265 cod.
478 3199 656 3265 Heinsiano
675 3221 705 3282 p.
723 3200 778 3286 11)
797 3199 968 3265 librarium
987 3199 1094 3280 aliquo
1113 3200 1230 3266 vitiose
1249 3200 1394 3265 dictante
1414 3199 1494 3265 ccdi-

323 3325 392 3372 cem
411 3306 586 3390 scripsisse,
610 3324 803 3388 quamquam
827 3306 926 3371 ctiam
950 3306 1173 3388 pronuntiatio
1193 3306 1315 3387 aliquid
1334 3306 1440 3372 valuit
1462 3305 1496 3370 in

323 3413 500 3494 erroribus
523 3413 678 3479 librarius
698 3413 782 3478 enim
800 3394 879 3496 ipse,
903 3416 979 3479 dum
1002 3413 1166 3496 describit,
1186 3414 1289 3479 verba
1307 3432 1405 3495 saepe
1424 3414 1496 3478 sub-

322 3519 421 3584 missa
448 3537 528 3586 voce
559 3519 759 3601 pronuntiat.
787 3557 830 3567 —
858 3521 934 3586 Jam
963 3521 1067 3585 oritur
1095 3519 1250 3603 quaestiq
1284 3522 1368 3585 unde
1396 3520 1497 3585 inter·

322 3626 501 3707 palationes
524 3626 610 3709 illae,
638 3643 718 3707 quas
742 3644 840 3708 supra
864 3627 972 3706 attuli,
1001 3632 1093 3692 ortae
1116 3626 1190 3691 sint.
1236 3626 1396 3707 Equidem
1419 3625 1498 3691 mihi

322 3733 519 3814 persuadere
546 3752 610 3798 non
639 3751 766 3814 possum
789 3733 930 3799 scribam
952 3733 1066 3816 ipsum,
1094 3751 1188 3813 quem
1215 3732 1347 3815 linguae
1373 3733 1498 3797 latinae

322 3837 462 3903 maxiem
489 3838 626 3904 inscium
652 3839 753 3904 fuisse
777 3844 811 3904 et
833 3839 915 3904 nihil
938 3839 1001 3904 nisi
1025 3839 1208 3905 describere
1232 3839 1372 3907 volmsse
1395 3838 1497 3904 mani-

322 3944 442 4010 festum
461 3951 520 4029 est,
544 3945 746 4011 coniecturas
764 3946 838 4011 illas
856 3945 981 4030 iecisse,
1004 3948 1061 4011 sed
1085 3965 1125 4011 ex
1148 3946 1341 4011 intermedio
1360 3947 1498 4026 quodam
1629 3971 1630 3997 κ

322 4051 407 4116 libro
438 4069 492 4116 eas
522 4051 653 4117 fluxisse
682 4051 833 4117 arbitror.
879 4053 963 4117 Nam
991 4071 1031 4118 ex
1058 4052 1127 4134 ipso
1156 4054 1334 4134 archetypo
1358 4050 1498 4116 scribam

322 4157 590 4239 interpolationes
613 4157 687 4223 illas
710 4157 882 4239 sumpsisse
900 4158 1031 4224 minime
1049 4158 1227 4228 verisimile
1247 4163 1304 4241 est,
1329 4177 1400 4223 cum
1424 4175 1497 4222 con·

323 4263 539 4330 sentientibus
563 4264 686 4330 duobus
701 4262 868 4330 Vossianis
887 4270 1047 4346 appareat
1065 4268 1237 4348 plerasque
1256 4285 1367 4330 earum
1385 4263 1497 4330 lectio·
1626 4285 1627 4317 r

323 4389 399 4435 num
422 4369 477 4454 sle,
504 4374 542 4435 ut
565 4369 600 4436 in
622 4370 789 4436 Vossianis
812 4370 956 4437 traditae
979 4377 1063 4456 sunt,
1090 4372 1217 4454 inipso
1240 4372 1419 4455 archetypo
1442 4389 1497 4436 ex·
1625 4403 1626 4423 κ
