3404 5050
730 369 953 432 ...67-

255 566 327 646 qooi
353 583 412 646 per
440 564 654 630 abiectionem
682 563 858 646 simplicem
886 564 1041 631 videlicet
1073 569 1180 629 ortum
1208 568 1270 645 est;
1298 565 1433 630 luerunt

256 671 341 735 enim
369 671 467 736 etiam
494 673 623 736 saeculo
651 672 685 736 Π
712 675 798 736 teste
821 671 913 749 Velio
941 672 1053 754 Longo
1081 670 1137 752 qui
1165 675 1198 735 et
1228 672 1273 736 coi
1304 676 1338 736 et
1365 673 1433 736 bole

256 777 415 842 efferrent
435 781 730 857 conservarentque
746 800 762 841 o
778 779 923 844 vocalem
943 777 1037 862 (Mus.
1053 779 1155 842 Rhen.
1172 779 1275 858 suppl.
1291 799 1322 859 p.
1341 778 1432 864 174);
1490 837 1498 842 ,

255 885 382 950 accedit
412 888 496 965 quod
526 888 568 950 ad
603 883 839 949 admittendam
868 885 952 949 hanc
981 884 1119 949 formam
1149 883 1183 949 in
1214 906 1230 948 o
1262 886 1432 950 cadentem

255 991 439 1059 dativorum
463 992 539 1056 bono
556 993 657 1074 probo
680 993 746 1054 ostro
772 990 924 1056 similium
948 991 1099 1074 analogia
1122 991 1297 1058 invitabat.
1340 991 1432 1075 Quae
1521 1028 1524 1034 ι

255 1098 418 1183 sententia
438 1099 536 1163 etiam
561 1118 597 1163 eo
618 1097 827 1163 confirmatur
850 1099 934 1178 quod
956 1097 992 1162 in
1014 1097 1110 1162 titulo
1133 1099 1313 1162 Puteolano
1337 1116 1432 1180 quem

255 1205 413 1287 adscripsi
440 1205 534 1270 iuxta
562 1211 596 1270 et
623 1227 682 1286 quo
710 1223 768 1286 pro
796 1205 846 1268 cot
875 1209 908 1268 et
933 1213 1045 1286 quoles
1067 1223 1126 1286 pro
1150 1205 1239 1269 colus
1263 1206 1374 1270 eodem
1396 1203 1432 1269 in

254 1331 352 1379 versu
381 1313 541 1394 scalptum
569 1316 627 1377 est.
672 1312 768 1376 Unde
795 1331 855 1392 qao
884 1330 987 1392 aeque
1015 1315 1114 1392 atque
1141 1312 1252 1392 quoius
1274 1309 1374 1392 prisci
1398 1315 1432 1374 et

253 1417 387 1501 genuini
408 1419 531 1500 aliquid
550 1420 673 1484 habere
689 1416 794 1485 visum
815 1436 886 1482 esse
906 1419 1054 1498 apparet.
1092 1419 1204 1497 Neque
1227 1417 1331 1500 igitur
1354 1435 1431 1482 casu

253 1525 380 1591 tactum
403 1530 453 1591 est
476 1528 560 1606 quod
583 1527 719 1590 eundem
743 1523 890 1591 dativum
914 1545 973 1604 quo
993 1543 1057 1590 non
1076 1524 1204 1605 quidem
1222 1523 1256 1588 in
1275 1523 1430 1607 Digestis

254 1634 311 1696 sed
344 1632 378 1696 in
409 1631 488 1714 ipsis
520 1632 640 1716 Plauti,
670 1629 805 1712 Vergili,
836 1629 998 1696 Ciceronis
1032 1633 1072 1696 de
1107 1631 1235 1713 legibus
1268 1631 1431 1696 codicibus

255 1739 523 1820 deprehendimus
551 1739 671 1819 quippe
704 1736 759 1818 qui
786 1737 894 1820 prisca
923 1738 1011 1803 haud
1038 1755 1113 1802 raro
1141 1735 1315 1830 iidemque.
1331 1737 1430 1804 etiam

254 1843 443 1926 genetivum
478 1845 590 1926 pocius
626 1845 797 1910 ostendere
833 1845 967 1908 soleant.
1028 1840 1177 1925 Denique
1211 1845 1265 1925 qul
1297 1843 1430 1912 dativus

254 1951 444 2017 recentioris
466 1949 651 2038 latinitatis,¹
675 1971 735 2031 poc
758 1949 886 2032 priscae
909 1949 1049 2032 speciem
1072 1970 1152 2033 prae
1176 1969 1210 2016 se
1232 1951 1307 2016 tert.

342 2057 383 2124 In
406 2075 442 2122 eo
466 2061 576 2122 autem
603 2058 675 2121 nolo
702 2057 868 2124 immorari
892 2060 976 2139 quod
1004 2060 1091 2140 apud
1113 2058 1267 2123 Plautum
1293 2056 1349 2124 ubi
1379 2075 1429 2122 oc·

256 2161 357 2229 currit
380 2162 433 2228 hic
456 2162 596 2245 dativus,
625 2165 748 2228 duobus
770 2163 848 2230 locis
876 2164 1080 2246 gravissimis
1109 2165 1273 2230 elisionem
1300 2165 1429 2246 plenam

254 2288 368 2352 passus
401 2274 462 2350 est;
495 2288 571 2334 nam
604 2273 638 2333 et
672 2268 791 2334 Cistell.
817 2271 882 2335 574
910 2292 970 2352 quo
1002 2273 1092 2338 illam
1123 2271 1258 2336 dedisset
1289 2270 1430 2351 quinque

255 2375 402 2458 syllabae
436 2373 691 2458 pronuntiantur
722 2380 755 2440 et
785 2378 858 2442 Aul.
882 2377 948 2442 420
982 2377 1030 2442 sic
1056 2375 1218 2443 nimirum>
1236 2375 1429 2442 accinendus

192 2523 196 2527 ·
255 2502 367 2549 versus
392 2487 453 2548 est:
478 2483 585 2564 Neque
604 2504 663 2564 quo
682 2483 734 2564 epo
758 2483 795 2546 de
813 2483 971 2548 indoloria
991 2485 1129 2566 conplicis
1148 2503 1212 2566 eqs.
1247 2483 1344 2549 Certe
1359 2483 1429 2564 quoi

253 2590 310 2668 ubi
347 2591 538 2672 elidebatur,
576 2590 589 2652 i
623 2589 770 2656 litteram
807 2589 878 2656 sive
915 2588 1061 2657 vocalem
1095 2591 1166 2659 sive
1201 2591 1428 2658 semivocalem

254 2696 383 2780 dixeris,
407 2696 534 2762 omnino
551 2695 746 2764 evanescere
762 2697 911 2762 debuisse
926 2697 984 2764 vix
999 2697 1121 2780 poteris
1136 2717 1268 2781 negare.
1310 2698 1428 2778 Itaque

254 2803 353 2868 etiam
377 2804 468 2885 Oapt.
489 2804 552 2869 157
577 2825 636 2886 quo
659 2803 872 2885 restituerim3
897 2806 985 2869 codd.
1005 2807 1094 2886 qaod.
